% This file was created with JabRef 2.8.
% Encoding: Cp1252

@TECHREPORT{Elcon:2004,
  author = {Electric Consumer Research Council (ELCON)},
  title = {The Economic Impacts of the August 2003 Blackout},
  year = {2004}
}

@BOOK{Cinl:1975,
  title = {Introduction to Stochastic Processes},
  publisher = {Prentice Hall},
  year = {1975},
  author = {E. \c{C}inlar},
  address = {Englewood Cliffs, New Jersey}
}

@ARTICLE{Zili:1985,
  author = {A. {\u{Z}}ilinskas},
  title = {Axiomatic characterization of global optimization algorithm and investigation
	of its search strategy},
  journal = {OR Letters},
  year = {1985},
  volume = {4},
  pages = {35--39},
  key = {Zilinskas1985}
}

@ARTICLE{Zili:1978,
  author = {A. {\u{Z}}ilinskas},
  title = {On statistical models for multimodal optimization},
  journal = {Mathematische Operationsforschung und Statistik, ser. Statistics},
  year = {1978},
  volume = {9},
  pages = {255--266},
  key = {Zilinskas1978}
}

@ARTICLE{Sida:1967,
  author = {Z. \v{S}id\'{a}k},
  title = {Rectangular confidence regions for the means of multivariate normal
	distributions},
  journal = {Journal of the American Statistical Association},
  year = {1967},
  volume = {62},
  pages = {626--633}
}

@ARTICLE{AdKu:1989,
  author = {V. G. Adlakha and V. G. Kulkarni},
  title = {A classified bibliography of research on stochastic {PERT} networks},
  journal = {INFOR},
  year = {1989},
  volume = {27},
  pages = {272--296},
  issue = {3}
}

@BOOK{AdTa:2007,
  title = {Random Fields and Geometry},
  publisher = {Springer},
  year = {2007},
  author = {R. J. Adler and J. Taylor},
  address = {New York}
}

@ARTICLE{Ahma:1995,
  author = {I. A. Ahmad},
  title = {On multivariate kernel estimation for samples from weighted distributions},
  journal = {Statistics and Probability Letters},
  year = {1995},
  volume = {22},
  pages = {121--129}
}

@ARTICLE{AhSh:2011,
  author = {J. Y. Ahn and N. D. Shyamalkumar},
  title = {Large Sample Behavior of The CTE and VaR Estimators Under Importance
	Sampling},
  journal = {The North American Actuarial Journal},
  year = {2011},
  volume = {15},
  pages = {393--416},
  issue = {3}
}

@ARTICLE{Alde:2007,
  author = {T. Aldemir},
  title = {Some measure theoretic issues in probabilistic dynamics},
  journal = {Nuclear Science and Engineering},
  year = {2007},
  volume = {155},
  pages = {497--507},
  issue = {3}
}

@ARTICLE{Alde:1987,
  author = {T. Aldemir},
  title = {Computer-Assisted Markov Failure Modeling Of Process-Control Systems},
  journal = {IEEE Transactions on Reliability},
  year = {1987},
  volume = {36},
  pages = {133--149},
  issue = {1}
}

@ARTICLE{AGMetal:2010,
  author = {T. Aldemir and S. Guarro and D. Mandelli and J. Kirschenbaum and
	L. A. Mangan and P. Bucci and M. Yau and E. Ekici and D. W. Miller
	and X. Sun and S. A. Arndt},
  title = {Probabilistic risk assessment modeling of digital instrumentation
	and control systems using two dynamic methodologies},
  journal = {Reliability Engineering \& System Safety},
  year = {2010},
  volume = {95},
  pages = {1011--1039},
  issue = {10}
}

@TECHREPORT{NUREGCR6901,
  author = {T. Aldemir and D.W. Miller and M. P. Stovsky and J. Kirschenbaurr
	and P. Bucci and A.W. Fentiman and L.T. Mangan},
  title = {Current State of Reliability Modeling Methodologies for Digital Systems
	and Their Acceptance Criteria for Nuclear Power Plant Assessment},
  year = {2006},
  type = {Nuclear Regulatory Commission Technical Report},
  number = {NUREG/CR-6901},
  address = {Washington, DC}
}

@ARTICLE{AMSetal:2007,
  author = {T. Aldemir and D. W. Miller and M. Stovsky and J. Kirschenbaum and
	P. Bucci and L. A. Mangan and A. Fentiman and S. A. Arndt},
  title = {Methodologies for the probabilistic risk assessment of digital reactor
	protection and control systems},
  journal = {Nuclear Technology},
  year = {2007},
  volume = {159},
  pages = {167--191},
  issue = {2}
}

@INPROCEEDINGS{AlSh:1998,
  author = {C. Alexopoulos and B. C. Shultes},
  title = {The balanced likelihood ratio method for estimating performance measures
	of highly reliable systems},
  booktitle = {Proceedings of the 1998 Winter Simulation Conference},
  year = {1998},
  editor = {D. J. Medeiros and E. F. Watson and J. S. Carson and M. S. Manivannan},
  pages = {1479--1486},
  address = {Piscataway, New Jersey},
  publisher = {Institute of Electrical and Electronics Engineers}
}

@ARTICLE{AlSh:2001,
  author = {C. Alexopoulos and B. C. Shultes},
  title = {Estimating reliability measures of highly-dependable {M}arkovian
	systems using balanced likelihood ratios},
  journal = {IEEE Transactions on Reliability},
  year = {2001},
  volume = {50},
  pages = {265--280},
  issue = {3}
}

@ARTICLE{AEEGKL:2001,
  author = {A. Amendola and Y. Ermoliev and T. Y. Ermolieva and V. Gitis and
	G. Koff and J. Linnerooth-Bayer},
  title = {A Systems Approach to Modeling Catastrophic Risk and Insurability},
  journal = {Natural Hazards},
  year = {2000},
  volume = {21},
  pages = {381--393},
  issue = {2-3}
}

@ARTICLE{AnFe:2001,
  author = {E. J. Anderson and M. C. Ferris},
  title = {A direct search algorithm for optimization with noisy function evaluations},
  journal = {SIAM Journal on Optimization},
  year = {2001},
  volume = {11},
  pages = {837--857}
}

@INPROCEEDINGS{Andr:1998,
  author = {S. Andrad\'ottir},
  title = {A review of simulation optimization techniques},
  booktitle = {Proceedings of the 1998 Winter Simulation Conference},
  year = {1998},
  editor = {D. J. Medeiros and E. F. Watson and J. S. Carson and M. S. Manivannan},
  pages = {151--158},
  address = {Piscataway, New Jersey},
  publisher = {Institute of Electrical and Electronics Engineers}
}

@INPROCEEDINGS{AnGl:1996,
  author = {S. Andrad\'ottir and P. W. Glynn},
  title = {Steady-state simulation using the almost regenerative method},
  booktitle = {1996 INFORMS Conference},
  year = {1996},
  organization = {Institute for Operations Research and the Management Sciences}
}

@ARTICLE{ACG:1995,
  author = {S. Andrad\"ottir and J. M. Calvin and P. W. Glynn},
  title = {Accelerated regeneration for {M}arkov chain simulations},
  journal = {Probability in the Engineering and Informational Sciences},
  year = {1995},
  volume = {9},
  pages = {497--523}
}

@ARTICLE{AnHo:2003,
  author = {S. Andrad\"ottir and M. Hosseini-Nasab},
  title = {Efficiency of time segmentation parallel simulation of finite {M}arkovian
	queueing networks},
  journal = {Operations Research},
  year = {2003},
  volume = {51},
  pages = {272--280}
}

@INPROCEEDINGS{AGDK:2002,
  author = {E. Angun and G. Gurkan and D. den Hertog and J. Kleijnen},
  title = {Response surface methodology revisited},
  booktitle = {Proceedings of the 2002 Winter Simulation Conference},
  year = {2002},
  editor = {E. Yucesan and C. H. Chen and J. L. Snowdon and J. M. Charnes},
  pages = {377--383},
  address = {Piscataway, New Jersey},
  publisher = {Institute of Electrical and Electronics Engineers}
}

@ARTICLE{Ansc:1952,
  author = {F. J. Anscombe},
  title = {Large-sample theory of sequential estimation},
  journal = {Proceedings of the Cambridge Philosophical Society},
  year = {1952},
  volume = {48},
  pages = {600--607}
}

@INPROCEEDINGS{AGKL:2003,
  author = {J. April and F. Glover and J.~P.~Kelly and M. Laguna},
  title = {Practical introduction to simulation optimization},
  booktitle = {Proceedings of the 2003 Winter Simulation Conference},
  year = {2003},
  editor = {S.~Chick and P.~J.~Sanchez and D. Ferrin and D.~J.~Morrice},
  pages = {71--78},
  address = {Piscataway, New Jersey},
  publisher = {Institute of Electrical and Electronics Engineers}
}

@ARTICLE{Arno:1973,
  author = {T. F. Arnold},
  title = {The concept of coverage and its effect on the reliability model of
	a repairable system},
  journal = {IEEE Transactions on Computers},
  year = {1973},
  volume = {C-22},
  pages = {251--254}
}

@ARTICLE{AFMKR:1989,
  author = {H. Arsham and A. Fuerverger and D. L. McLeish and J. Kreimer and
	R. Y. Rubinstein},
  title = {Sensitivity Analysis and the ``What If'' Problem in Simulation Analysis},
  journal = {Math. Comput. Modelling},
  year = {1989},
  volume = {12},
  pages = {193--219}
}

@ARTICLE{ADEH:1999,
  author = {P. Artzner and F. Delbaen and J.-M. Eber and D. Heath},
  title = {Coherent Measures of Risk},
  journal = {Mathematical Finance},
  year = {1999},
  volume = {9},
  pages = {203--228},
  issue = {3}
}

@BOOK{Asmu:2003,
  title = {Applied Probability and Queues},
  publisher = {Springer},
  year = {2003},
  author = {S. Asmussen},
  address = {New York},
  edition = {2nd}
}

@BOOK{Asmu:2000,
  title = {Ruin {P}robabilities},
  publisher = {World Scientific},
  year = {2000},
  author = {S. Asmussen},
  address = {Singapore}
}

@ARTICLE{Asmu:1985,
  author = {S. Asmussen},
  title = {Conjugate processes and the simulation of ruin problems},
  journal = {Stochastic Processes and their Applications},
  year = {1985},
  volume = {20},
  pages = {213--229}
}

@ARTICLE{AsBi:1997,
  author = {S. Asmussen and K. Binswanger},
  title = {Ruin probability simulation for subexponential claims},
  journal = {ASTIN Bull.},
  year = {1998},
  volume = {27},
  pages = {297--318}
}

@BOOK{AsGl:2007,
  title = {Stochastic Simulation: Algorithms and Analysis},
  publisher = {Springer},
  year = {2007},
  author = {S. Asmussen and P. Glynn},
  address = {New York},
  edition = {1st}
}

@ARTICLE{AsRu:1999,
  author = {S. Asmussen and R. Y. Rubinstein},
  title = {Sensitivity analysis of insurance risk models via simulation},
  journal = {Management Science},
  year = {1999},
  volume = {45},
  pages = {1125--1141}
}

@ARTICLE{AGP:1995,
  author = {S. Asmussen and P.~W.~ and J.~Pitman},
  title = {Discretization error in simulation of one-dimensional reflecting
	{B}rownian motion},
  journal = {Ann. Appl. Probab.},
  year = {1995},
  volume = {5},
  pages = {875--896}
}

@ARTICLE{AtNe:1978,
  author = {K. Athreya and P. Ney},
  title = {A new approach to the limit theory of {M}arkov chains},
  journal = {Trans. Amer. Math. Soc.},
  year = {1978},
  volume = {245},
  pages = {493--501}
}

@ARTICLE{ALRL:2004,
  author = {A. Avizienis and J.-C. Laprie and B. Randell and C. Landwehr},
  title = {Basic concepts and taxonomy of dependable and secure computing},
  journal = {IEEE Transactions on Dependable and Secure Computing},
  year = {2004},
  volume = {1},
  pages = {11--33}
}

@ARTICLE{AvWi:1998,
  author = {A. N. Avramidis and J. R. Wilson},
  title = {Correlation-induction techniques for estimating quantiles in simulation},
  journal = {Operations Research},
  year = {1998},
  volume = {46},
  pages = {574--591}
}

@ARTICLE{AwGl:2009,
  author = {H. Awad and P. W. Glynn},
  title = {Conditional limit theorems for regulated fractional
	
	Brownian motion.},
  journal = {Annals of Applied Probability,},
  year = {2009},
  volume = {19},
  pages = {2102--2136},
  owner = {m},
  timestamp = {2012.08.24}
}

@ARTICLE{AwGl:2007,
  author = {H. Awad and P. W. Glynn},
  title = {On the theoretical comparison of low-bias steady-state
	
	estimators},
  journal = {ACM Transactions on Modeling and Computer Simulation},
  year = {2007},
  volume = {17},
  owner = {m},
  timestamp = {2012.08.24}
}

@ARTICLE{AGR:2012,
  author = {H. Awad and P. W. Glynn and R. Rubinstein},
  title = {Zero-variance importance sampling estimators for Markov process expectations},
  journal = {Mathematics of Operations Research},
  year = {2012},
  volume = {To appear},
  owner = {m},
  timestamp = {2012.08.24}
}

@ARTICLE{Babu:1986,
  author = {G. J. Babu},
  title = {Efficient estimation of the reciprocal of the density quantile function
	at a point},
  journal = {Statistics and Probability Letters},
  year = {1986},
  volume = {4},
  pages = {133--139}
}

@ARTICLE{Baha:1966,
  author = {R. R. Bahadur},
  title = {A note on quantiles in large samples},
  journal = {Annals of Mathematical Statistics},
  year = {1966},
  volume = {37},
  pages = {577--580}
}

@ARTICLE{BDH:2003,
  author = {L. A. Barroso and J. Dean and U. H{\"{o}}lzle},
  title = {Web Search for a Planet: The {G}oogle Cluster Architecture},
  journal = {IEEE Micro},
  year = {2003},
  volume = {23},
  pages = {22--28}
}

@MANUAL{basel2,
  title = {Basel {II}: International Convergence of Capital Measurement and
	Capital Standards: a Revised Framework},
  author = {{Basel Committee on Banking Supervision}},
  year = {2004},
  note = {http://www.bis.org/publ/bcbs107.htm},
  url = {http://www.bis.org/publ/bcbs107.htm}
}

@ARTICLE{Bech:1954,
  author = {R. E. Bechhofer},
  title = {A single-sample multiple-decision procedure for ranking means of
	normal populations with known variances},
  journal = {Annals of Mathematical Statistics},
  year = {1954},
  volume = {25},
  pages = {16--39}
}

@BOOK{BSG:1995,
  title = {Design and Analysis of Experiments for Statistical Selection, Screening,
	and Multiple Comparisons},
  publisher = {John Wiley \& Sons},
  year = {1995},
  author = {R. E. Bechhofer and T. J. Santner and D. M. Goldsman},
  address = {New York}
}

@ARTICLE{BHA:1992,
  author = {M. Belhadj And M. Hassan And T. Aldemir},
  title = {On The Need For Dynamic Methodologies In Risk And Reliability Studies},
  journal = {Reliability Engineering \& System Safety},
  year = {1992},
  volume = {38},
  pages = {219--236},
  issue = {3}
}

@INPROCEEDINGS{SURF2:1993,
  author = {C. Beounes and M. Aguera and J. Arlat and S. Bachmann and C. Bourdeau
	and J.-E. Doucet and K. Kanoun and J.-C. Laprie and S. Metge and
	J. Moreira de Souza and D. Powell and P. Spiesser},
  title = {{SURF}-2: A program for dependability evaluation of complex hardware
	and software systems},
  booktitle = {The Twenty-Third International Symposium on Fault-Tolerant Computing
	(FTCS-23) Digest of Papers},
  year = {1993},
  pages = {668--673}
}

@INPROCEEDINGS{BSM:1991,
  author = {S. Bernson and E. de Souza e Silva and R. Muntz},
  title = {A Methodology for the specification of {M}arkov Models},
  booktitle = {Numerical Solution to Markov Chains},
  year = {1991},
  editor = {W. Stewart},
  pages = {11--37}
}

@INPROCEEDINGS{BFHP:2003,
  author = {J. Berry and L. Fleischer and W. Hart and C. Phillips},
  title = {Sensor placement in municipal water networks},
  booktitle = {Proc. World Water and Environmental Resources Conference},
  year = {2003},
  editor = {P. Bizier and P. DeBarry}
}

@ARTICLE{BeZa:2010,
  author = {E. Beutner and H. Zahle},
  title = {A modified functional delta method and its application to the estimation
	of risk functionals},
  journal = {Journal of Multivariate Analysis},
  year = {2010},
  volume = {101},
  pages = {2452--2463}
}

@BOOK{Bill:1999,
  title = {Convergence of Probability Measures},
  publisher = {John Wiley \& Sons},
  year = {1999},
  author = {P. Billingsley},
  address = {New York},
  edition = {Second}
}

@BOOK{Bill:1995,
  title = {Probability and Measure},
  publisher = {John Wiley \& Sons},
  year = {1995},
  author = {P. Billingsley},
  address = {New York},
  edition = {Third}
}

@BOOK{Bill:1968,
  title = {Convergence of Probability Measures},
  publisher = {John Wiley \& Sons},
  year = {1968},
  author = {P. Billingsley},
  address = {New York}
}

@ARTICLE{Bill:1962,
  author = {P. Billingsley},
  title = {Limit theorems for randomly selected partial sums},
  journal = {Annals of Mathematical Statistics},
  year = {1962},
  volume = {33},
  pages = {85--92}
}

@ARTICLE{Bill:1961,
  author = {P. Billingsley},
  title = {Statistical methods in {M}arkov chains},
  journal = {Annals of Mathematical Statistics},
  year = {1961},
  volume = {32},
  pages = {12--40}
}

@INPROCEEDINGS{BLN:2011wsc,
  author = {J. Blanchet and J. Li and M. K. Nakayama},
  title = {A Conditional Monte Carlo Method for Estimating the Failure Probability
	of a Distribution Network with Random Demands},
  booktitle = {Proceedings of the 2011 Winter Simulation Conference},
  year = {2011},
  editor = {S. Jain and R.R. Creasey and J. Himmelspach and K.P. White and M.
	Fu},
  pages = {3837--3848},
  address = {Piscataway, New Jersey},
  publisher = {Institute of Electrical and Electronics Engineers}
}

@ARTICLE{BFA:2011,
  author = {K. C. Bledsoe and J. A. Favorite and T. Aldemir},
  title = {Using The Levenberg-Marquardt Method For Solutions Of Inverse Transport
	Problems In One- And Two-Dimensional Geometries},
  journal = {Nuclear Technology},
  year = {2011},
  volume = {176},
  pages = {106--126}
}

@ARTICLE{BFA:2011b,
  author = {K. C. Bledsoe and J. A. Favorite and T. Aldemir},
  title = {Application of the Differential Evolution Method to Solving Inverse
	Transport Problems },
  journal = {Nuclear Science and Engineering},
  year = {2011},
  volume = {169},
  pages = {208--221}
}

@ARTICLE{BlGa:1968,
  author = {D. A. Bloch and J. L. Gastwirth},
  title = {On a simple estimate of the reciprocal of the density function},
  journal = {Annals of Mathematical Statistics},
  year = {1968},
  volume = {39},
  pages = {1083--1085}
}

@INPROCEEDINGS{BHLNS:1994,
  author = {A. Blum and P.~Heidelberger and S.~S.~Lavenberg and M.~K.~Nakayama
	and P.~Shahabuddin},
  title = {Modeling and analysis of system availability using {SAVE}},
  booktitle = {Proceedings of the 23rd International Symposium on Fault Tolerant
	Computing},
  year = {1994},
  pages = {137--141}
}

@TECHREPORT{BHLNS:1993,
  author = {A. Blum and P.~Heidelberger and S.~S.~Lavenberg and M.~K.~Nakayama
	and P.~Shahabuddin},
  title = {System {A}vailability {E}stimator ({SAVE}) language reference and
	user's manual version 4.0},
  year = {1993},
  type = {Research Report},
  number = {RA 219 S},
  address = {IBM Research Division, T. J. Watson Research Center, Yorktown Heights,
	NY}
}

@BOOK{Boch:1955,
  title = {Harmonic Analysis and the Theory of Probability},
  publisher = {University of California Press},
  year = {1955},
  author = {S. Bochner},
  address = {Berkeley and Los Angeles, California}
}

@BOOK{BoCh:1949,
  title = {Fourier Transforms},
  publisher = {Princeton University Press},
  year = {1949},
  author = {S. Bochner and K. Chandrasekharan},
  address = {Princeton, NJ}
}

@INCOLLECTION{BoRo:1995,
  author = {G. Boender and E. Romeijn},
  title = {Stochastic methods},
  booktitle = {Handbook of Global Optimization},
  publisher = {Kluwer},
  year = {1995},
  address = {New York}
}

@ARTICLE{DKMR:2005,
  author = {P.-T. de Boer and D. P. Kroese and S. Mannor and R. Y. Rubinstein},
  title = {A Tutorial on the Cross-Entropy Method},
  journal = {Annals of Operations Research},
  year = {2005},
  volume = {134},
  pages = {19--67}
}

@ARTICLE{Bofi:1975,
  author = {E. Bofinger},
  title = {Estimation of a density function using order statistics},
  journal = {Australian Journal of Statistics},
  year = {1975},
  volume = {17},
  pages = {1--7}
}

@INPROCEEDINGS{BoSh:2001,
  author = {N. K. Boots and P. Shahabuddin},
  title = {Simulating ruin probabilities in insurance risk processes with subexponential
	claims},
  booktitle = {Proceedings of the 2001 Winter Simulation Conference},
  year = {2001},
  editor = {B. A. Peters and J. S. Smith and D. J. Medeiros and M. W. Rohrer},
  pages = {468--476},
  address = {Piscataway, New Jersey},
  publisher = {Institute of Electrical and Electronics Engineers}
}

@ARTICLE{BKT:2007,
  author = {Z. I. Botev and D. P. Kroese and T. Taimre},
  title = {Generalized Cross-entropy Methods with Applications to Rare-event
	Simulation and Optimization},
  journal = {Simulation},
  year = {2007},
  volume = {83},
  pages = {785--806}
}

@ARTICLE{BoBo:2003,
  author = {M. Bouissou and J. L. Bon},
  title = {A new formalism that combines advantages of fault-trees and {M}arkov
	models: {B}oolean logic Driven {M}arkov Processes},
  journal = {Reliability Engineering \& System Safety},
  year = {2003},
  volume = {82},
  pages = {149--163},
  issue = {2}
}

@INPROCEEDINGS{BCS:1969,
  author = {W. G. Bouricius and W. C. Carter and P. R. Schneider},
  title = {Reliability modeling techniques for self-repairing computer systems},
  booktitle = {Proceedings of the 1969 24th ACM National Conference},
  year = {1969},
  pages = {295--309},
  publisher = {ACM}
}

@TECHREPORT{NUREG-CR-5249,
  author = {B. Boyack and R. Duffey and P. Griffith and G. Lellouche and S. Levy
	and U. Rohatgi and G. Wilson and W. Wulff and N. Zuber},
  title = {Quantifying Reactor Safety Margins: Application of Code Scaling,
	Applicability, and Uncertainty Evaluation Methodology to a Large-Break,
	Loss-of-Coolant Accident},
  year = {1989},
  type = {U.S. Nuclear Regulatory Commission Report},
  number = {NUREG/CR-5249},
  address = {Washington, DC}
}

@ARTICLE{BBG:1997,
  author = {P. Boyle and M. Broadie and P.Glasserman},
  title = {Monte Carlo methods for security pricing},
  journal = {Journal of Economic Dynamics and COntrol},
  year = {1997},
  volume = {21},
  pages = {1267--1321},
  issue = {8--9}
}

@BOOK{Brem:1999,
  title = {Markov Chains: {G}ibbs Fields, {M}onte {C}arlo Simulation, and Queues},
  publisher = {Springer},
  year = {1999},
  author = {P. Br\'emaud},
  address = {New York}
}

@BOOK{BFS:1987,
  title = {A Guide to Simulation},
  publisher = {Springer-Verlag},
  year = {1987},
  author = {P. Bratley and B. L. Fox and L. E. Schrage},
  address = {New York},
  edition = {Second}
}

@BOOK{Brei:1992,
  title = {Probability},
  publisher = {SIAM},
  year = {1992},
  author = {L. Breiman},
  address = {Philadelphia}
}

@ARTICLE{BrSc:1999,
  author = {M. Britten-Jones and S.~M. Schaefer},
  title = {Non-linear value-at-risk},
  journal = {European Finance Review},
  year = {1999},
  volume = {2},
  pages = {161--187}
}

@INCOLLECTION{BrGl:1999,
  author = {M. Broadie and P. Glasserman},
  title = {Simulation in option pricing and risk management},
  booktitle = {Handbook of Risk Management and Analysis},
  publisher = {Wiley},
  year = {1999},
  editor = {C.Alexander},
  pages = {173--207},
  address = {Chichester, England}
}

@ARTICLE{BKMASW:2008,
  author = {P. Bucci and J. Kirschenbaum and L. A. Mangan and T. Aldemir and
	C. Smith and T. Wood},
  title = {Construction of event-tree/fault-tree models from a Markov approach
	to dynamic system reliability},
  journal = {Reliability Engineering \& System Safety},
  year = {2008},
  volume = {93},
  pages = {1616--1627}
}

@INPROCEEDINGS{Butl:1986,
  author = {R. W. Butler},
  title = {The {SURE} Reliability Analysis Program},
  booktitle = {AIAA Guidance, Navigation, and Control Conference},
  year = {1986},
  pages = {198--204}
}

@INPROCEEDINGS{Calv:2004b,
  author = {J. M. Calvin},
  title = {Simulation output analysis based on excursions},
  booktitle = {Proceedings of the 2004 Winter Simulation Conference},
  year = {2004},
  editor = {R.~G.~Ingalls and M.~D.~Rossetti and J.~S.~Smith and B.~A.~Peters},
  pages = {681--684},
  address = {Piscataway, New Jersey},
  publisher = {Institute of Electrical and Electronics Engineers}
}

@INPROCEEDINGS{Calv:2001a,
  author = {J. M. Calvin},
  title = {Efficient simulation for discrete path-dependent option pricing},
  booktitle = {Proceedings of the 2001 Winter Simulation Conference},
  year = {2001},
  editor = {B.~A.~Peters and J.~S.~Smith and D.~J.~Medeiros and M.~W.~Rohrer},
  pages = {441--450},
  address = {Piscataway, New Jersey},
  publisher = {Institute of Electrical and Electronics Engineers}
}

@UNPUBLISHED{Calv:2004c,
  author = {J. M. Calvin},
  title = {Upper bounds on complexity of optimization on the {W}iener space
	with noise},
  note = {In preparation}
}

@ARTICLE{Calv:2001b,
  author = {J. M. Calvin},
  title = {Adaptive {M}onte {C}arlo global search with bounded memory},
  journal = {Mathematics and Computers in Simulation},
  year = {2007},
  note = {To appear}
}

@ARTICLE{Calvtcs:2007,
  author = {J. M. Calvin},
  title = {A lower bound on complexity of optimization on the {W}iener space},
  journal = {Theoretical Computer Science},
  year = {2007},
  volume = {383},
  pages = {132--139}
}

@ARTICLE{Calv:2004a,
  author = {J. M. Calvin},
  title = {Lower bound on complexity of optimization of continuous functions},
  journal = {J. Complexity},
  year = {2004},
  volume = {20},
  pages = {773--795}
}

@ARTICLE{Calv:2001,
  author = {J. M. Calvin},
  title = {A one-dimensional optimization algorithm and its convergence rate
	under the {W}iener measure},
  journal = {J. Complexity},
  year = {2001},
  volume = {17},
  pages = {306--344}
}

@ARTICLE{CaZi:2001,
  author = {J. M. Calvin and A. \u{Z}ilinskas},
  title = {On convergence of a {P}-algorithm based on a statistical model of
	continuously differentiable functions},
  journal = {Journal of Global Optimization},
  year = {2001},
  volume = {19},
  pages = {229--245}
}

@ARTICLE{CaZi:2000a,
  author = {J. M. Calvin and A. \u{Z}ilinskas},
  title = {A one-dimensional P-algorithm with convergence rate $O(n^{-3+\delta})$
	for smooth functions},
  journal = {Journal of Optimization Theory and Applications},
  year = {2000},
  volume = {106},
  pages = {297--307}
}

@ARTICLE{CaZi:2000b,
  author = {J. M. Calvin and A. \u{Z}ilinskas},
  title = {On the choice of statistical model for one-dimensional {P}-algorithms},
  journal = {Cybernetics and Control},
  year = {2000},
  volume = {29},
  pages = {555--565}
}

@ARTICLE{CaZi:2000c,
  author = {J. M. Calvin and A. \u{Z}ilinskas},
  title = {On convergence of the {P}-algorithm for one dimensional global optimization
	of smooth functions},
  journal = {Journal of Optimization Theory and Applications},
  year = {2000},
  volume = {102},
  pages = {479--495}
}

@INPROCEEDINGS{CGN:2001,
  author = {J. M. Calvin and P. W. Glynn and M. K. Nakayama},
  title = {Importance sampling using the semi-regenerative method},
  booktitle = {Proceedings of the 2001 Winter Simulation Conference},
  year = {2001},
  editor = {B.~A.~Peters and J.~S.~Smith and D.~J.~Medeiros and M.~W.~Rohrer},
  pages = {441--450},
  address = {Piscataway, New Jersey},
  publisher = {Institute of Electrical and Electronics Engineers}
}

@ARTICLE{CGN:2003,
  author = {J. M. Calvin and P. W. Glynn and M. K. Nakayama},
  title = {The semi-regenerative method of simulation output analysis},
  journal = {ACM Transactions on Modeling and Computer Simulation},
  year = {2006},
  volume = {16},
  pages = {280--315}
}

@ARTICLE{CGN:2006,
  author = {J. M. Calvin and P. W. Glynn and M. K. Nakayama},
  title = {The semi-regenerative method of simulation output analysis},
  journal = {ACM Transactions on Modeling and Computer Simulation},
  year = {2006},
  volume = {16},
  pages = {280--315}
}

@ARTICLE{CaLe:2003,
  author = {J. M. Calvin and J.~Y.-T.~Leung},
  title = {Average-case analysis of a greedy algorithm for the 0/1 knapsack
	problem},
  journal = {Operations Research Letters},
  year = {2003},
  volume = {31},
  pages = {202--210},
  issue = {3}
}

@INPROCEEDINGS{CaNa:2004,
  author = {J. M. Calvin and M. K. Nakayama},
  title = {Permuted weighted area estimators},
  booktitle = {Proceedings of the 2004 Winter Simulation Conference},
  year = {2004},
  editor = {R. G. Ingalls and M. D. Rossetti and J. S. Smith and B. A. Peter},
  pages = {721--727},
  address = {Piscataway, New Jersey},
  publisher = {Institute of Electrical and Electronics Engineers}
}

@INPROCEEDINGS{CaNa:2001,
  author = {J. M. Calvin and M. K. Nakayama},
  title = {Improving standardized time series methods by permuting path segments},
  booktitle = {Proceedings of the 2001 Winter Simulation Conference},
  year = {2001},
  editor = {B. A. Peters and J. S. Smith and D. J. Medeiros and M. W. Rohrer},
  pages = {348--353},
  address = {Piscataway, New Jersey},
  publisher = {Institute of Electrical and Electronics Engineers}
}

@INPROCEEDINGS{CaNa:2002,
  author = {J. M. Calvin and M. K. Nakayama},
  title = {A comparison of output-analysis methods for simulations of processes
	with multiple regeneration sequences},
  booktitle = {Proceedings of the 2002 Winter Simulation Conference},
  year = {2002},
  editor = {E.~Y\"{u}cesan and C.-H.~Chen and J.~L.~Snowdon and J.~M.~Charnes},
  pages = {328--335},
  address = {Piscataway, New Jersey},
  publisher = {Institute of Electrical and Electronics Engineers}
}

@UNPUBLISHED{CaNa:2005b,
  author = {J. M. Calvin and M. K. Nakayama},
  title = {Permuted weighted area estimators for steady-state simulations},
  note = {In preparation}
}

@ARTICLE{CaNa:2006,
  author = {J. M. Calvin and M. K. Nakayama},
  title = {Permuted standardized time series for steady-state simulations},
  journal = {Mathematics of Operations Research},
  year = {2006},
  volume = {31},
  pages = {351--368}
}

@ARTICLE{CaNa:2005a,
  author = {J. M. Calvin and M. K. Nakayama},
  title = {Permuted derivative and importance-sampling estimators for regenerative
	simulations},
  journal = {European Journal of Operational Research},
  year = {2004},
  volume = {156},
  pages = {390--414},
  issue = {2}
}

@ARTICLE{CaNa:2000a,
  author = {J. M. Calvin and M. K. Nakayama},
  title = {Simulation of processes with multiple regeneration sequences},
  journal = {Probability in the Engineering and Informational Sciences},
  year = {2000},
  volume = {14},
  pages = {179--201}
}

@ARTICLE{CaNa:2000b,
  author = {J. M. Calvin and M. K. Nakayama},
  title = {Central limit theorems for permuted regenerative estimators},
  journal = {Operations Research},
  year = {2000},
  volume = {48},
  pages = {776--787}
}

@ARTICLE{CaNa:1998,
  author = {J. M. Calvin and M. K. Nakayama},
  title = {Using permutations in regenerative simulations to reduce variance},
  journal = {ACM Transactions on Modeling and Computer Simulation},
  year = {1998},
  volume = {8},
  pages = {153--193}
}

@INPROCEEDINGS{CGN:1999,
  author = {J. M. Calvin and P. W. and M. K. Nakayama},
  title = {On the small-sample optimality of multiple-regeneration estimators},
  booktitle = {Proceedings of the 1999 Winter Simulation Conference},
  year = {1999},
  editor = {P.~A.~Farrington and H.~B.~Nembhard and D.~T.~Sturrock and G.~W.~Evans},
  pages = {655--661},
  address = {Piscataway, New Jersey},
  publisher = {Institute of Electrical and Electronics Engineers}
}

@ARTICLE{CRMetal:2010,
  author = {U. Catalyurek and B. Rutt and K. Metzroth and A. Hakobyan and T.
	Aldemir and R. Denning and S. Dunagan and D. Kunsman},
  title = {Development of a code-agnostic computational infrastructure for the
	dynamic generation of accident progression event trees},
  journal = {Reliability Engineering \& System Safety},
  year = {2010},
  volume = {95},
  pages = {278--294}
}

@PHDTHESIS{Chak:2011,
  author = {D. Chakrabarti},
  title = {Applications of Stochastic Simulation in Two-Stage Multiple Comparisons
	with the Best Problem and Time Average Variance Constant Estimation},
  school = {New Jersey Institute of Technology},
  year = {2011},
  address = {Newark, NJ}
}

@ARTICLE{CTD:2005,
  author = {J. Chen and J.S. Thorp and I. Dobson},
  title = {Cascading dynamics and mitigation assessment in power system disturbances
	via a hidden failure model},
  journal = {International Journal of Electrical Power and Energy Systems},
  year = {2005},
  volume = {27},
  pages = {318--326}
}

@INCOLLECTION{Chic:2006,
  author = {S. E. Chick},
  title = {Subjective Probability and Bayesian Methodology},
  booktitle = {Handbook in Operations Research and Management Science: Simulation},
  publisher = {Elsevier},
  year = {2006},
  editor = {S. G. Henderson and B. L. Nelson},
  pages = {225--257},
  address = {Oxford, UK}
}

@TECHREPORT{ChSh:2007,
  author = {O. K. Chopra and W. J. Shack},
  title = {Effect of {LWR} coolant environments on the fatigue life of reactor
	materials},
  year = {2007},
  type = {U.S. Nuclear Regulatory Commission Final Report},
  number = {NUREG/CR-6909, ANL-06/08},
  address = {Washington, DC}
}

@ARTICLE{ChRo:1965,
  author = {Y. S. Chow and H. Robbins},
  title = {On the asymptotic theory of fixed width sequential confidence intervals
	for the mean},
  journal = {Annals of Mathematical Statistics},
  year = {1965},
  volume = {36},
  pages = {457--462}
}

@PHDTHESIS{Chu:2010,
  author = {F. Chu},
  title = {Variance Reduction Techniques for Estimating Quantiles and Value
	At-Risk},
  school = {New Jersey Institute of Technology},
  year = {2010},
  address = {Newark, NJ}
}

@INPROCEEDINGS{ChNa:2010,
  author = {F. Chu and M. K. Nakayama},
  title = {Confidence Intervals for Quantiles and Value-at-Risk When Applying
	Importance Sampling},
  booktitle = {Proceedings of the 2010 Winter Simulation Conference},
  year = {2010},
  editor = {B. Johansson and S. Jain and J. Montoya-Torres and J. Hugan and E.
	Y\:ucesan},
  pages = {2751--2761},
  address = {Piscataway, New Jersey},
  publisher = {Institute of Electrical and Electronics Engineers}
}

@ARTICLE{ChNa:2011,
  author = {F. Chu and M. K. Nakayama},
  title = {Confidence Intervals for Quantiles When Applying Variance-Reduction
	Techniques},
  journal = {ACM Transactions On Modeling and Computer Simulation},
  year = {2012},
  volume = {36},
  pages = {Article 7 (25 pages plus 12-page online-only appendix)},
  issue = {2}
}

@ARTICLE{ChNa:2012,
  author = {F. Chu and M. K. Nakayama},
  title = {Confidence Intervals for Quantiles When Applying Variance-Reduction
	Techniques},
  journal = {ACM Transactions On Modeling and Computer Simulation},
  year = {2012},
  volume = {36},
  pages = {Article 7 (25 pages plus 12-page online-only appendix)},
  issue = {2}
}

@BOOK{Chun:2001,
  title = {A Course in Probability Theory},
  publisher = {Academic Press},
  year = {2001},
  author = {K. L. Chung},
  address = {San Diego},
  edition = {3rd}
}

@BOOK{Chun:1967,
  title = {Markov Chains with Stationary Transition Probabilities},
  publisher = {Springer-Verlag},
  year = {1967},
  author = {K. L. Chung},
  address = {New York}
}

@INPROCEEDINGS{CTM:1989,
  author = {G. Ciardo and K. S. Trivedi and J. Muppala},
  title = {{SPNP}: stochastic {P}etri net package},
  booktitle = {Proceedings of the Third International Workshop on Petri Nets and
	Performance Models ({PNPM'89})},
  year = {1989},
  pages = {142--151},
  publisher = {IEEE Computer Society Press}
}

@BOOK{Coch:1977,
  title = {Sampling Techniques },
  publisher = {Wiley},
  year = {1977},
  author = {W. G. Cochran},
  address = {New York},
  edition = {Third}
}

@CONFERENCE{CGMT:2002,
  author = {E.G. Coffman and Z. Ge and V. Misra and D. Towsley},
  title = {Network Resilience: Exploring Cascading Failures within {BGP}},
  booktitle = {Allerton Conference on Communication, Control and Computing},
  year = {2002},
  month = {October}
}

@BOOK{CLRS:2001,
  title = {Introduction to Algorithms},
  publisher = {McGraw-Hill},
  year = {2001},
  author = {T. H. Cormen and C. E. Leiserson and R. L. Rivest and C. Stein},
  address = {New York},
  edition = {Second}
}

@ARTICLE{CrIg:1975,
  author = {M. Crane and D.~L.~Iglehart},
  title = {Simulating stable stochastic systems, {III}: Regenerative processes
	and discrete-event simulations},
  journal = {Operations Research},
  year = {1975},
  volume = {23},
  pages = {33--45}
}

@ARTICLE{CrIg:1975approx,
  author = {M. Crane and D.~L.~Iglehart},
  title = {Simulating stable stochastic systems, {IV}: Approximation Techniques},
  journal = {Management Science},
  year = {1975},
  volume = {21},
  pages = {1215--1224}
}

@ARTICLE{CrIg:1974mc,
  author = {M. Crane and D.~L.~Iglehart},
  title = {Simulating stable stochastic systems, {II}: Markov Chains},
  journal = {Journal of the ACM},
  year = {1974},
  volume = {21},
  pages = {114--123}
}

@ARTICLE{CrIg:1974queues,
  author = {M. Crane and D.~L.~Iglehart},
  title = {Simulating stable stochastic systems, {I}: General Multiserver Queues},
  journal = {Journal of the ACM},
  year = {1974},
  volume = {21},
  pages = {103--113}
}

@BOOK{Csor:1983,
  title = {Quantile Processes with Statistical Applications},
  publisher = {SIAM},
  year = {1983},
  author = {M. Cs\"{o}rg\H{o}},
  address = {Philadelphia, PA}
}

@BOOK{CsRe:1981,
  title = {Strong Approximations in Probability and Statistics},
  publisher = {Academic Press},
  year = {1981},
  author = {M. Cs\"{o}rg\H{o} and P. R\'{e}v\'{e}sz},
  address = {New York}
}

@INPROCEEDINGS{CsSz:1998,
  author = {M. Cs\"{o}rg\H{o} and B. Szyszkowicz},
  title = {Sequential quantile and {B}ahadur-{K}iefer Processes},
  booktitle = {Handbook of Statistics 16, Order Statistics: Theory and Methods},
  year = {1998},
  editor = {N. Balakrishnan and C.R. Rao},
  pages = {631--688},
  address = {Amsterdam},
  publisher = {Elsevier Science B.V.}
}

@ARTICLE{CuKu:2003,
  author = {L.-J. Cui and G. Kuczera},
  title = {Optimizing urban water supply headworks using probabilistic search
	methods},
  journal = {Journal of Water Resources Planning and Managementh},
  year = {2003},
  volume = {129},
  pages = {380--387},
  issue = {5}
}

@INPROCEEDINGS{CCS:2003,
  author = {W. E. Cummins and M. M. Corletti and T. L. Schulz},
  title = {Westinghouse {AP1000} Advanced Passive Plant},
  booktitle = {Proceedings of the 2003 International Congress on Advances in Nuclear
	Power Plants (ICAPP '03)},
  year = {2003},
  address = {LaGrange Park, IL},
  publisher = {American Nuclear Society},
  note = {Paper 3235}
}

@ARTICLE{Dala:1978,
  author = {S. R. Dalal},
  title = {Simultaneous confidence procedures for univariate and multivariate
	{B}ehrens-{F}isher types problems},
  journal = {Biometrika},
  year = {1978},
  volume = {65},
  pages = {221--224}
}

@ARTICLE{Dame:1994,
  author = {H. Damerdji},
  title = {Strong consistency of the variance estimator in steady-state simulation
	output analysis},
  journal = {Mathematics of Operations Research},
  year = {1994},
  volume = {19},
  pages = {494--512}
}

@ARTICLE{Dame:1991,
  author = {H. Damerdji},
  title = {Strong consistency and other properties of the spectral variance
	estimator},
  journal = {Management Science},
  year = {1991},
  volume = {37},
  pages = {1424--1440}
}

@INPROCEEDINGS{DGNW:1996,
  author = {H. Damerdji and P. W. Glynn and M. K. Nakayama and J. R. Wilson},
  title = {Selecting the Best System in Transient Simulations with Variances
	Known},
  booktitle = {Proceedings of the 1996 Winter Simulation Conference},
  year = {1996},
  editor = {J. Charnes and D. Morrice and D. Brunner and J. Swain},
  pages = {281--286},
  address = {Piscataway, New Jersey},
  publisher = {Institute of Electrical and Electronics Engineers}
}

@ARTICLE{DaNa:1999,
  author = {H. Damerdji and M. K. Nakayama},
  title = {Two-Stage Multiple-Comparison Procedures for Steady-State Simulations},
  journal = {ACM Transactions on Modeling and Computer Simulations},
  year = {1999},
  volume = {9},
  pages = {1--30}
}

@BOOK{DaNa:2003,
  title = {Order Statistics},
  publisher = {Wiley},
  year = {2003},
  author = {H. A. David and H. Nagaraja},
  address = {Hoboken, NJ},
  edition = {Third}
}

@BOOK{DaHi:1997,
  title = {Bootstrap Methods and their Application},
  publisher = {Cambridge University Press},
  year = {1997},
  author = {A. C. Davidson and D. V. Hinkley},
  address = {Cambridge, UK}
}

@TECHREPORT{DeTa:2001,
  author = {J. C. Dean and R. W. Tayloe, Jr.},
  title = {Guide for Validation of Nuclear Criticality Safety Calculational
	Methodology},
  year = {2001},
  type = {U.S. Nuclear Regulatory Commission Technical Report},
  number = {NUREG/CR-6698},
  address = {Washington, DC}
}

@BOOK{DeZe:1998,
  title = {Large Deviations Techniques and Applications},
  publisher = {Springer},
  year = {1998},
  author = {A. Dembo and O. Zeitouni},
  address = {New York},
  edition = {second}
}

@INPROCEEDINGS{DBGUA:2010,
  author = {R. Denning and A. Brunett and D. Grabaskas and M. Umbel and T. Aldemir},
  title = {Toward More Realistic Source Terms for Metallic-Fueled Sodium Fast
	Reactors},
  booktitle = {Proceedings ot the 2010 International Congress on the Advances in
	Nuclear Power Plants (ICAPP 2010)},
  year = {2010},
  address = {LaGrange Park, IL},
  publisher = {American Nuclear Society}
}

@INPROCEEDINGS{DSP:2006,
  author = {S. Distefano and M. Scarpa and A. Puliafito},
  title = {Modeling Distributed Computing System Reliability with DRBD},
  booktitle = {25th IEEE Symposium on Reliable Distributed Systems (SRDS 2006)},
  year = {2006},
  pages = {106--118},
  publisher = {IEEE Computer Society}
}

@INPROCEEDINGS{DiXi:2006,
  author = {S. Distefano and L. Xing},
  title = {A new approach to modelling the system reliability: dynamic reliability
	block diagrams},
  booktitle = {Proc. of the 52nd Annual Reliability and Maintainability Symposium
	(RAMS�06)},
  year = {2006},
  pages = {189--195}
}

@ARTICLE{DCLN:2007,
  author = {I. Dobson and B. A. Carreras and V. E. Lynch and D. E. Newman},
  title = {Complex systems analysis of series of blackouts: cascading failure,
	critical points, and self-organization},
  journal = {Chaos},
  year = {2007},
  volume = {17}
}

@ARTICLE{DCN:2005,
  author = {I. Dobson and B. A. Carreras and D. E. Newman},
  title = {A loading-dependent model of probabilistic cascading failure},
  journal = {Probability in the Engineering and Informational Sciences},
  year = {2005},
  volume = {19},
  pages = {15--32}
}

@ARTICLE{DuPa:1997,
  author = {D. Duffie and J. Pan},
  title = {An overview of value at risk},
  journal = {Journal of Derivatives},
  year = {1997},
  volume = {4},
  pages = {7--49}
}

@ARTICLE{DuTr:1989,
  author = {J. B. Dugan and K. S. Trivedi},
  title = {Coverage modeling for dependability analysis of fault-tolerant systems},
  journal = {IEEE Transactions on Computers},
  year = {1989},
  volume = {28},
  pages = {775--787}
}

@ARTICLE{Dunn:1955,
  author = {C. W. Dunnett},
  title = {A multiple comparison procedure for comparing several treatments
	with a control},
  journal = {Journal of the American Statistical Association},
  year = {1955},
  volume = {50},
  pages = {1096--1121}
}

@ARTICLE{EdHs:1983,
  author = {D. G. Edwards and J. C. Hsu},
  title = {Multiple comparisons with the best treatment},
  journal = {Journal of the American Statistical Association},
  year = {1983},
  volume = {78},
  pages = {965--971}
}

@ARTICLE{Efro:1979,
  author = {B. Efron},
  title = {Bootstrap methods: Another look at the jackknife},
  journal = {Annals of Statistics},
  year = {1979},
  volume = {7},
  pages = {1--26}
}

@TECHREPORT{Epri:2003,
  author = {EPRI},
  title = {Measuring and valuing reliability for distribution asset management},
  year = {2003},
  type = {EPRI White Paper},
  number = {1001707},
  address = {EPRI, Palo Alto, CA}
}

@TECHREPORT{Epri:2000,
  author = {EPRI},
  title = {Reliability of electric utility distribution systems},
  year = {2000},
  type = {EPRI White Paper},
  number = {1000424},
  address = {EPRI, Palo Alto, CA}
}

@INCOLLECTION{ErEr:2005,
  author = {T. Ermolieva and Y. Ermoliev},
  title = {Catastrophic Risk Management: Flood and Seismic Risks Case Studies},
  booktitle = {Applications of Stochastic Programming},
  publisher = {SIAM},
  year = {2005},
  editor = {S. W. Wallace and W. T. Ziemba},
  chapter = {Chapter 22},
  pages = {425--444},
  address = {Philadelphia, PA}
}

@TECHREPORT{EEN:1997,
  author = {T. Y. Ermolieva and Y. M. Ermoliev and V. I. Norkin},
  title = {Spatial Stochastic Model for Optimization Capacity of Insurance Networks
	Under Dependent Catastrophic Risks: Numerical Experiments},
  institution = {International Institute for Applied Systems Analysis},
  year = {1997},
  number = {ir97028},
  month = Jun,
  note = {available at http://ideas.repec.org/p/wop/iasawp/ir97028.html}
}

@ARTICLE{NYT-decommission:2011,
  author = {M. Fackler},
  title = {Japan: 3 Damaged Reactors May Take 40 Years to Decommission, Officials
	Say},
  journal = {The New York Times},
  year = {2011},
  pages = {A15},
  month = {December 22,}
}

@ARTICLE{Falk:1986,
  author = {M. Falk},
  title = {On the estimation of the quantile density function},
  journal = {Statistics \& Probability Letters},
  year = {1986},
  volume = {4},
  pages = {69--73}
}

@ARTICLE{Falk:1985,
  author = {M. Falk},
  title = {Asymptotic normality of the kernel quantile estimator},
  journal = {Annals of Statistics},
  year = {1985},
  volume = {13},
  pages = {428--433}
}

@BOOK{Fish:1978,
  title = {Principles of Discrete Event Simulation},
  publisher = {Wiley},
  year = {1978},
  author = {G. S. Fishman},
  address = {New York}
}

@ARTICLE{FoGo:1999,
  author = {R. D. Foley and D. Goldsman},
  title = {Confidence intervals using orthonormally weighted standardized time
	series},
  journal = {ACM Transactions on Modeling and Computer Simulation},
  year = {1999},
  volume = {9},
  pages = {297--325}
}

@ARTICLE{FoGl:1989,
  author = {B. L. Fox and P. W. Glynn},
  title = {Replication schemes for limiting expectations},
  journal = {Probability in the Engineering and Informational Sciences},
  year = {1989},
  volume = {3},
  pages = {299--318}
}

@ARTICLE{FoGl:1986,
  author = {B. L. Fox and P. W. Glynn},
  title = {Discrete time conversion for simulating semi-{M}arkov processes},
  journal = {Oper. Res. Lett.},
  year = {1986},
  volume = {5},
  pages = {191--196}
}

@ARTICLE{Frep:2008,
  author = {C. Frepoli},
  title = {An Overview of {W}estinghouse Realistic Large Break {LOCA} Evaluation
	Model},
  journal = {Science and Technology of Nuclear Installations},
  year = {2008},
  volume = {2008},
  pages = {Article ID 498737 (15 pages)}
}

@ARTICLE{Fu:2002,
  author = {M. Fu},
  title = {Optimization for simulation: theory and practice},
  journal = {INFORMS Journal on Computing},
  year = {2002},
  volume = {14},
  pages = {192--215},
  issue = {3}
}

@BOOK{FuHu:1997,
  title = {Conditional {M}onte {C}arlo: Gradient Estimation and Optimization
	Applications},
  publisher = {Kluwer Academic},
  year = {1997},
  author = {M. C. Fu and J. Q. Hu},
  address = {New York}
}

@TECHREPORT{MELCOR,
  author = {R. O. Gauntt and R. K. Cole and C. M. Erickson and R. G. Gido and
	R. D. Gasser and S. B. Rodriguez and M. F. Young and S. Ashbaugh
	and M. Leonard and A. Hill},
  title = {{MELCOR} Computer Code Manuals, Vol.~3: Demonstration Problems, Version
	1.8.5},
  year = {2001},
  type = {Technical Report},
  number = {NUREG/CR-6119, Vol. 3, Rev. 0, SAND2001-0929P},
  address = {U.S. Nuclear Regulatory Commission, Washington, DC}
}

@ARTICLE{Ghos:1971,
  author = {J. K. Ghosh},
  title = {A new proof of the Bahadur representation of quantiles and an application},
  journal = {Annals of Mathematical Statistics},
  year = {1971},
  volume = {42},
  pages = {1957--1961}
}

@ARTICLE{GoMu:1981,
  author = {M. Ghosh and N. Mukhopadhyay},
  title = {Consistency and asymptotic efficiency of two-stage and sequential
	procedures},
  journal = {Sankhya, Series A},
  year = {1981},
  volume = {43},
  pages = {220--227}
}

@BOOK{Glas:2004,
  title = {Monte Carlo Methods in Financial Engineering},
  publisher = {Springer},
  year = {2004},
  author = {P. Glasserman},
  address = {New York}
}

@INPROCEEDINGS{GHS:2000CF99,
  author = {P. Glasserman and P.~Heidelberger and P.~Shahabuddin},
  title = {Importance Sampling and Stratification for Value-at-Risk},
  booktitle = {Computational Finance 1999, Proceedings of the Sixth International
	Conference on Computational Finance},
  year = {2000},
  editor = {Y. S. Abu-Mostafa and B. Le Baron and A. W. Lo and A. S. Weigend},
  pages = {7--24}
}

@ARTICLE{GHS:2000,
  author = {P. Glasserman and P.~Heidelberger and P.~Shahabuddin},
  title = {Variance reduction techniques for estimating value-at-risk},
  journal = {Management Science},
  year = {2000},
  volume = {46},
  pages = {1349--1364}
}

@ARTICLE{GlJu:2006,
  author = {P. Glasserman and S. Juneja},
  title = {Uniformly Efficient Importance Sampling for the Tail Distribution
	of Sums of Random Variables},
  journal = {Mathematics of Operations Research},
  year = {2007},
  note = {To appear}
}

@INPROCEEDINGS{Glyn:1987,
  author = {P. W. Glynn},
  title = {Likelihood ratio derivative estimation: An overview},
  booktitle = {Proceedings of the 1987 Winter Simulation Conference},
  year = {1987},
  editor = {A.~Thesen and H.~Grant and W.~D.~Kelton},
  pages = {366--375}
}

@INPROCEEDINGS{Glyn:1996quant,
  author = {P. W. Glynn},
  title = {Importance sampling for {M}onte {C}arlo estimation of quantiles},
  booktitle = {Mathematical Methods in Stochastic Simulation and Experimental Design:
	Proceedings of the 2nd St.~Petersburg Workshop on Simulation},
  year = {1996},
  pages = {180--185},
  publisher = {Publishing House of St.~Petersburg University, St.~Petersburg, Russia}
}

@ARTICLE{Glyn:1995,
  author = {P. W. Glynn},
  title = {Importance sampling for {M}arkov chains: Asymptotics for the variance},
  journal = {Stochastic Models},
  year = {1995},
  volume = {10},
  pages = {701--717}
}

@ARTICLE{Glyn:1994,
  author = {P. W. Glynn},
  title = {Some topics in regenerative steady-state simulation},
  journal = {Acta Applicandae Mathematicae},
  year = {1994},
  volume = {34},
  pages = {225--236}
}

@ARTICLE{Glyn:1990,
  author = {P. W. Glynn},
  title = {Likelihood ratio derivative estimators for stochastic systems},
  journal = {Comm. ACM},
  year = {1990},
  volume = {33},
  pages = {75--84}
}

@INPROCEEDINGS{Glyn:1986,
  author = {P. W. Glynn},
  title = {Sensitivity analysis for stationary probabilities of a {M}arkov chain},
  booktitle = {Proceedings of the 4th Army Conference on Applied Mathematics and
	Computing},
  year = {1986},
  pages = {917--932}
}

@INPROCEEDINGS{GlIg:1985,
  author = {P. W. Glynn and D. L. Iglehart},
  title = {Large-sample theory for standardized time series: an overview},
  booktitle = {Proceedings of the 1985 Winter Simulation Conference},
  year = {1985},
  editor = {G. C. Blais and S. L. Solomon and D. T. Gantz},
  pages = {129--134},
  address = {Piscataway, New Jersey},
  publisher = {Institute of Electrical and Electronics Engineers}
}

@ARTICLE{GlIg:1993,
  author = {P. W. Glynn and D. L. Iglehart},
  title = {Conditions for the Applicability of the Regenerative Method},
  journal = {Management Science},
  year = {1993},
  volume = {39},
  pages = {1108--1111}
}

@ARTICLE{GlIg:1990,
  author = {P. W. Glynn and D. L. Iglehart},
  title = {Simulation output analysis using standardized time series},
  journal = {Mathematics of Operations Research},
  year = {1990},
  volume = {15},
  pages = {1--16}
}

@ARTICLE{GlIg:1989,
  author = {P. W. Glynn and D. L. Iglehart},
  title = {Importance sampling for stochastic systems},
  journal = {Management Science},
  year = {1989},
  volume = {35},
  pages = {1367--1393}
}

@TECHREPORT{GlIg:1986,
  author = {P. W. Glynn and D. L. Iglehart},
  title = {Consequences of uniform integrability for simulation},
  institution = {Stanford University Department of Operations Research},
  year = {1986},
  number = {40}
}

@INPROCEEDINGS{GlJu:2004,
  author = {P. W. Glynn and S. Juneja},
  title = {A Large Deviations Perspective on Ordinal Optimization},
  booktitle = {Proceedings of the 2004 Winter Simulation Conference},
  year = {2004},
  editor = {R. G. Ingalls and M. D. Rossetti and J. S. Smith and B. A. Peters},
  pages = {577--585},
  address = {Piscataway, New Jersey},
  publisher = {Institute of Electrical and Electronics Engineers}
}

@ARTICLE{GlWh:1993cum,
  author = {P. W. Glynn and W. Whitt},
  title = {Limit Theorems for Cumulative Processes},
  journal = {Stochastic Processes and Their Applications},
  year = {1993},
  volume = {47},
  pages = {299--314}
}

@ARTICLE{GlWh:1992,
  author = {P. W. Glynn and W. Whitt},
  title = {The asymptotic efficiency of simulation estimators},
  journal = {Operations Research},
  year = {1992},
  volume = {40},
  pages = {505--520}
}

@ARTICLE{GlWh:1992seq,
  author = {P. W. Glynn and W. Whitt},
  title = {The Asymptotic Validity of Sequential Stopping Rules in Stochastic
	Simulations},
  journal = {Annals of Applied Probability},
  year = {1992},
  volume = {2},
  pages = {180--198}
}

@ARTICLE{GlWh:1991,
  author = {P. W. Glynn and W. Whitt},
  title = {Estimating the Asymptotic Variance with Batch Means},
  journal = {Operations Research Letters},
  year = {1991},
  volume = {10},
  pages = {431--435}
}

@BOOK{GnKo:1968,
  title = {Limit Distributions For Sums of Independent Random Variables},
  publisher = {Addison-Wesley},
  year = {1968},
  author = {B. V. Gnedenko and A. N. Kolmogorov},
  address = {Reading, Massachusetts}
}

@INPROCEEDINGS{GQXYZ:2004,
  author = {D. K. Goldenberg and L. Qiu and H. Xie and Y. R. Yang and Y. Zhang},
  title = {Optimizing cost and performance for multihoming},
  booktitle = {SIGCOMM '04 Proceedings},
  year = {2004},
  pages = {79--92}
}

@ARTICLE{GoQu:1973,
  author = {S. M. Goldfeld and R. E. Quandt},
  title = {A Markov Model for Switching Regressions},
  journal = {Journal of Econometrics},
  year = {1973},
  volume = {1},
  pages = {3--16}
}

@ARTICLE{GKS:1999,
  author = {D. Goldsman and K.~Kang and A.~F.~Seila},
  title = {Cram\'{e}r-von~{M}ises variance estimators for simulations},
  journal = {Operations Research},
  year = {1999},
  volume = {47},
  pages = {299--309}
}

@ARTICLE{GMS:1990,
  author = {D. Goldsman and M.~S.~Meketon and L.~W.~Schruben},
  title = {Properties of standardized time series weighted area variance estimators},
  journal = {Management Science},
  year = {1990},
  volume = {36},
  pages = {602--612}
}

@ARTICLE{GoSc:1990,
  author = {D. Goldsman and L.~W.~Schruben},
  title = {New confidence interval estimators using standardized time series},
  journal = {Management Science},
  year = {1990},
  volume = {36},
  pages = {393--397}
}

@ARTICLE{GoSc:1984,
  author = {D. Goldsman and L. W. Schruben},
  title = {Properties of standardized time series weighted area variance estimators},
  journal = {Management Science},
  year = {1984},
  volume = {30},
  pages = {1217--1225}
}

@ARTICLE{GoLa:1987,
  author = {A. Goyal and S. S. Lavenberg},
  title = {Modeling and Analysis of Computer System Availability},
  journal = {IBM Journal of Research and Development},
  year = {1987},
  volume = {31},
  pages = {651--664}
}

@ARTICLE{GSHNG:1992,
  author = {A. Goyal and P.~Shahabuddin and P.~Heidelberger and V.~Nicola and
	P.~W.~Glynn},
  title = {A unified framework for simulating {M}arkovian models of highly dependable
	systems},
  journal = {IEEE Transactions on Computers},
  year = {1992},
  volume = {C-41},
  pages = {36--51}
}

@CONFERENCE{GDAN:2012,
  author = {D. Grabaskas and R. Denning and
	
	T. Aldemir and M. K. Nakayama},
  title = {The Use of {L}atin Hypercube Sampling
	
	for the Efficient Estimation of
	
	Confidence Intervals},
  booktitle = {Proceedings of the 2012
	
	International Congress on Advances
	
	in Nuclear Power Plants (ICAPP '12)},
  year = {2012},
  owner = {marvin},
  timestamp = {2012.08.30}
}

@BOOK{GrHa:1985,
  title = {Fundamentals of Queueing Theory},
  publisher = {Wiley},
  year = {1985},
  author = {D. Gross and C. M. Harris},
  address = {New York},
  edition = {2nd}
}

@ARTICLE{GMP:2003,
  author = {A. Guba and M. Makai and L. P\'{a}l},
  title = {Statistical aspects of best estimate method---{I}},
  journal = { Reliability Engineering \& System Safety},
  year = {2003},
  volume = {80},
  pages = {217--232}
}

@ARTICLE{GuWo:1980,
  author = {F.~L. Gunther and R.~W Wolff},
  title = {The almost regenerative method},
  journal = {Operations Research},
  year = {1980},
  volume = {28},
  pages = {375--387}
}

@BOOK{Gut:2005,
  title = {Probability: A Graduate Course},
  publisher = {Springer},
  year = {2005},
  author = {A. Gut},
  address = {New York}
}

@BOOK{Haas:2002,
  title = {Stochastic {P}etri {N}ets: {M}odelling, {S}tability, {S}imulation},
  publisher = {Springer},
  year = {2002},
  author = {P. J. Haas},
  address = {New York}
}

@ARTICLE{HADDKRC:2008,
  author = {A. Hakobyan and T. Aldemir and R. Denning and S. Dunagan and D. Kunsman
	and B. Rutt and U. Catalyurek},
  title = {Dynamic generation of accident progression event trees},
  journal = {Nuclear Engineering and Design},
  year = {2008},
  volume = {238},
  pages = {3457--3467}
}

@BOOK{Hall:1992,
  title = {The Bootstrap and {E}dgeworth Expansions},
  publisher = {Springer},
  year = {1992},
  author = {P. Hall},
  address = {New York}
}

@ARTICLE{HaSh:1988,
  author = {P. Hall and S. J. Sheather},
  title = {On the Distribution of a {S}tudentized Quantile},
  journal = {Journal of the Royal Statistical Society B},
  year = {1988},
  volume = {50},
  pages = {381--391}
}

@BOOK{Hard:1952,
  title = {A Course in Pure Mathematics},
  publisher = {Cambridge University Press},
  year = {1952},
  author = {G. H. Hardy},
  address = {London},
  edition = {10}
}

@BOOK{HLP:1934,
  title = {Inequalities},
  publisher = {Cambridge University Press},
  year = {1934},
  author = {G. H. Hardy and J. E. Littlewood and G. P\'{o}lya},
  address = {London}
}

@ARTICLE{HaDa:1982,
  author = {F. E. Harrell and C. E. Davis},
  title = {A new distribution-free quantile estimator},
  journal = {Biometrika},
  year = {1982},
  volume = {69},
  pages = {635--640}
}

@ARTICLE{HaAl:1996,
  author = {M. Harunuzzaman and T. Aldemir},
  title = {Optimization of standby safety system maintenance schedules in nuclear
	power plants},
  journal = {Nuclear Technology},
  year = {1996},
  volume = {113},
  pages = {354--367}
}

@PHDTHESIS{Hayt:1985,
  author = {A. J. Hayter},
  title = {A Study of the Tukey Multiple Comparisons Procedure Including a Proof
	of the Tukey Conjecture for Unequal Sample Sizes},
  school = {Cornell University},
  year = {1985},
  address = {Ithaca, NY}
}

@ARTICLE{Hayt:1984,
  author = {A. J. Hayter},
  title = {A proof of the conjecture that the Tukey-Kramer multiple comparisons
	procedure is conservative},
  journal = {Annals of Statistics},
  year = {1984},
  volume = {12},
  pages = {61--75}
}

@ARTICLE{Heid:1995,
  author = {P. Heidelberger},
  title = {Fast simulation of rare events in queueing and reliability models},
  journal = {ACM Transactions on Modeling and Computer Simulation},
  year = {1995},
  volume = {5},
  pages = {43--85}
}

@ARTICLE{HeIg:1979,
  author = {P. Heidelberger and D. L. Iglehart},
  title = {Comparing Stochastic Systems Using Regenerative Simulation and Common
	Random Numbers},
  journal = {Advances in Applied Probability},
  year = {1979},
  volume = {11},
  pages = {804--819}
}

@ARTICLE{HeLe:1984,
  author = {P. Heidelberger and P. A. W. Lewis},
  title = {Quantile estimation in dependent sequences},
  journal = {Operations Research},
  year = {1984},
  volume = {32},
  pages = {185--209}
}

@INPROCEEDINGS{HeNi:1991,
  author = {P. Heidelberger and D. M. Nicol},
  title = {Simultaneous Parallel Simulation of Continuous Time {M}arkov Chains
	At Multiple Parameter Settings},
  booktitle = {Proceedings of the 1991 Winter Simulation Conference},
  year = {1992},
  editor = {B.L. Nelson and W.D. Kelton and G.M. Clark},
  pages = {602--607},
  address = {Piscataway, New Jersey},
  publisher = {Institute of Electrical and Electronics Engineers}
}

@INPROCEEDINGS{HNS:1992,
  author = {P. Heidelberger and V. F. Nicola and P. Shahabuddin},
  title = {Simultaneous and Efficient Simulation of Highly Dependable Systems
	with Different Underlying Distributions},
  booktitle = {Proceedings of the 1992 Winter Simulation Conference},
  year = {1992},
  editor = {J.J. Swaim and D. Goldsman and R. C. Crain and J. R. Wilson},
  pages = {458--465},
  address = {Piscataway, New Jersey},
  publisher = {Institute of Electrical and Electronics Engineers}
}

@ARTICLE{HeDa:2003,
  author = {J. C. Helton and F. J. Davis},
  title = {{L}atin hypercube sampling and the propagation of uncertainty in
	analyses of complex systems},
  journal = {Reliability Engineering \& System Safety},
  year = {2003},
  volume = {81},
  pages = {23--69}
}

@ARTICLE{HeGl:2001,
  author = {S. Henderson and P.~Glynn},
  title = {Regenerative steady-state simulation of discrete-event systems},
  journal = {ACM Transactions on Modeling and Computer Simulation},
  year = {2001},
  volume = {11},
  pages = {313--345}
}

@ARTICLE{HeGl:2001lookahead,
  author = {S. Henderson and P.~Glynn},
  title = {Computing Densities for {M}arkov Chains via Simulation},
  journal = {Mathematics of Operations Research},
  year = {2001},
  volume = {26},
  pages = {375--400}
}

@BOOK{HeNe:2006,
  title = {Handbooks in Operations Research and Management Science, Volume 13:
	Simulation},
  publisher = {North Holland},
  year = {2006},
  author = {S. G. Henderson and B. L. Nelson},
  address = {Amsterdam}
}

@ARTICLE{HeNe:1998,
  author = {T. C. Hesterberg and B. L. Nelson},
  title = {Control variates for probability and quantile estimation},
  journal = {Management Science},
  year = {1998},
  volume = {44},
  pages = {1295--1312}
}

@ARTICLE{HTT:2000,
  author = {C. Hirel and B. Tuffin and K. S. Trivedi},
  title = {SPNP Version 6.0},
  journal = {Lecture Notes in Computer Science},
  year = {2000},
  volume = {1786},
  pages = {354--357}
}

@ARTICLE{Hjor:1988,
  author = {N. L. Hjort},
  title = {On Large-Sample Multiple Comparison Methods},
  journal = {Scandinavian Journal of Statistics},
  year = {1988},
  volume = {15},
  pages = {259--271}
}

@BOOK{HoTa:1987,
  title = {Multiple Comparison Procedures},
  publisher = {Wiley},
  year = {1987},
  author = {Y. Hochberg and A. C. Tamhane},
  address = {New York}
}

@BOOK{HMC:2004,
  title = {Introduction to Mathematical Statistics},
  publisher = {Prentice Hall},
  year = {2004},
  author = {R. V. Hogg and J. W. McKean and A. Craig},
  address = {Englewood Cliffs, New Jersey},
  edition = {6}
}

@ARTICLE{Hong:2009qs,
  author = {L. J. Hong},
  title = {Estimating quantile sensitivities},
  journal = {Operations Research},
  year = {2009},
  volume = {57},
  pages = {118--130}
}

@INPROCEEDINGS{HoLi:2011wsc,
  author = {L. J. Hong and G. Liu},
  title = {{M}onte {C}arlo Estimation of Value-at-Risk, Conditional Value-at-Risk
	and Their Sensitivities},
  booktitle = {Proceedings of the 2011 Winter Simulation Conference},
  year = {2011},
  editor = {S. Jain and R. R. Creasey and J. Himmelspach and K. P. White and
	M. Fu},
  pages = {95--107},
  address = {Piscataway, New Jersey},
  publisher = {Institute of Electrical and Electronics Engineers}
}

@ARTICLE{HIS:1976,
  author = {A. Hordijk and D. L. Iglehart and R. Schassberger},
  title = {Discrete-time methods for simulating continuous-time {M}arkov chains},
  journal = {Adv. in Appl. Probab.},
  year = {1976},
  volume = {8},
  pages = {772--788}
}

@BOOK{Hsu:1996,
  title = {Multiple Comparisons: Theory and Methods},
  publisher = {Chapman \& Hall},
  year = {1996},
  author = {J. C. Hsu},
  address = {London}
}

@ARTICLE{Hsu:1984,
  author = {J. C. Hsu},
  title = {Constrained simultaneous confidence intervals for multiple comparisons
	with the best},
  journal = {Annals of Statistics},
  year = {1984},
  volume = {12},
  pages = {1136--1144}
}

@ARTICLE{HsNe:1990,
  author = {J. C. Hsu and Barry L. Nelson},
  title = {Control variates for quantile estimation},
  journal = {Management Science},
  year = {1990},
  volume = {36},
  pages = {835--851}
}

@ARTICLE{HBKK:2005,
  author = {K.-P. Hui and N. Bean and M. Kraetzl and D. P. Kroese},
  title = {The cross-entropy method for network reliability estimation},
  journal = {Annals of Operations Research},
  year = {1990},
  volume = {2005},
  pages = {101--118}
}

@BOOK{Hull:2003,
  title = {Options, Futures and Other Derivatives},
  publisher = {Pearson-Hall, Inc},
  year = {2003},
  author = {J.~C. Hull},
  address = {New Jersey},
  edition = {Fifth}
}

@UNPUBLISHED{HuSv:2009,
  author = {H. Hult and J. Svensson},
  title = {Efficient Calculation of Risk Measures by Importance Sampling --
	The Heavy Tailed Case},
  note = {Preprint},
  year = {2009}
}

@MANUAL{INL,
  title = {About {INL} webpage},
  author = {{Idaho National Laboratory}},
  year = {2011},
  note = {https://inlportal.inl.gov/portal/server.pt/community/about\_inl/259},
  url = {https://inlportal.inl.gov/portal/server.pt/community/about\_inl/259}
}

@INCOLLECTION{Igle:1978,
  author = {D. L. Iglehart},
  title = {The regenerative method for simulation analysis},
  booktitle = {Current Trends in Programming Methodology: Volume {III}. Software
	Engineering},
  publisher = {Prentice Hall},
  year = {1978},
  address = {Englewood Cliffs, New Jersey}
}

@INCOLLECTION{Igle:1977,
  author = {D. L. Iglehart},
  title = {Simulating stable stochastic systems, {VII}: Selecting the best system},
  booktitle = {TIMS Studies in the Management Sciences: Volume 7: Algorithmic methods
	in probability},
  publisher = {Elsevier North-Holland},
  year = {1977},
  address = {Amsterdam}
}

@ARTICLE{Igle:1976,
  author = {D. L. Iglehart},
  title = {Simulating stable stochastic systems, {VI}: Quantile estimation},
  journal = {Journal of the ACM},
  year = {1976},
  volume = {23},
  pages = {347--360}
}

@ARTICLE{Igle:1976quantile,
  author = {D.~L.~Iglehart},
  title = {Simulating stable stochastic systems, {VI}: Quantile Estimation},
  journal = {Journal of the ACM},
  year = {1976},
  volume = {23},
  pages = {347--360}
}

@ARTICLE{Igle:1975ratio,
  author = {D.~L.~Iglehart},
  title = {Simulating stable stochastic systems, {V}: Comparison of Ratio Estimators},
  journal = {Naval Research Logistics Quarterly},
  year = {1975},
  volume = {22},
  pages = {553--565}
}

@ARTICLE{IgLe:1979,
  author = {D.~L.~Iglehart and P. A. W. Lewis},
  title = {Regenerative simulation with internal controls},
  journal = {Journal of the ACM},
  year = {1979},
  volume = {26},
  pages = {271--282}
}

@ARTICLE{IgSh:1983,
  author = {D.~L.~Iglehart and G. S. Shedler},
  title = {Regenerative simulation for estimating extreme values59. Statistical
	efficiency of regenerative simulation methods for networks of queues
	with general service time},
  journal = {Advances in Applied Probability},
  year = {1983},
  volume = {15},
  pages = {183--197}
}

@ARTICLE{IgSh:1981,
  author = {D.~L.~Iglehart and G. S. Shedler},
  title = {Regenerative simulation of response times in networks of queues:
	Statistical efficiency},
  journal = {Acta Informatica},
  year = {1981},
  volume = {15},
  pages = {347--363}
}

@BOOK{IgSh:1980,
  title = {Regenerative Simulation of Response Times in Networks of Queues},
  publisher = {Lecture Notes in Control and Information Sciences series, Vol. 26,
	Springer-Verlag},
  year = {1980},
  author = {D.~L.~Iglehart and G. S. Shedler},
  address = {Berlin}
}

@ARTICLE{IgSh:1979,
  author = {D.~L.~Iglehart and G. S. Shedler},
  title = {Regenerative simulation of response times in networks of queues with
	multiple job types},
  journal = {Acta Informatica},
  year = {1979},
  volume = {12},
  pages = {159--175}
}

@ARTICLE{IgSh:1976finitecap,
  author = {D.~L.~Iglehart and G. S. Shedler},
  title = {Simulation of Response Times in Finite Capacity Open Networks of
	Queues},
  journal = {Operations Research},
  year = {1978},
  volume = {26},
  pages = {896--914}
}

@ARTICLE{IgSh:1978response,
  author = {D.~L.~Iglehart and G. S. Shedler},
  title = {Regenerative Simulation of Response Times in Networks of Queues},
  journal = {Journal of the ACM},
  year = {1978},
  volume = {25},
  pages = {449--460}
}

@ARTICLE{IgSt:1983,
  author = {D.~L.~Iglehart and M. Stone},
  title = {Regenerative simulation for estimating extreme values},
  journal = {Operations Research},
  year = {1983},
  volume = {31},
  pages = {1145--1166}
}

@TECHREPORT{IAEA1332,
  author = {{International Atomic Energy Agency}},
  title = {Safety Margins of Operating Reactors: Analysis of Uncertainties and
	Implications for Decision Making},
  year = {2003},
  type = {IAEA Technical Document},
  number = {IAEA-TECDOC-1332},
  address = {Vienna, Austria}
}

@TECHREPORT{InternationalAtomicEnergyAgency2003,
  author = {{International Atomic Energy Agency}},
  title = {Safety margins of operating reactors: Analysis of uncertainties and
	implications for decision making},
  year = {2003},
  type = {IAEA Technical Document},
  number = {IAEA-TECDOC-1332},
  address = {Vienna, Austria}
}

@ARTICLE{ING:2009,
  author = {S. M. Iyer and M.~K.~Nakayama and A. V. Gerbessiotis},
  title = {A {M}arkovian dependability model with cascading failures},
  journal = {IEEE Transactions on Computers},
  year = {2009},
  volume = {139},
  pages = {1238--1249},
  issue = {9}
}

@ARTICLE{JKN:2000,
  author = {S.~H. Jacobson and J.~E.~Kobza and M.~K.~Nakayama},
  title = {A sampling procedure to estimate risk probabilities in access-control
	security systems},
  journal = {European Journal of Operational Research},
  year = {2000},
  volume = {122},
  pages = {123--132},
  issue = {1}
}

@ARTICLE{JFX:2003,
  author = {X. Jin and M. C. Fu and X. Xiong},
  title = {Probabilistic Error Bounds for Simulation Quantile Estimation},
  journal = {Management Science},
  year = {2003},
  volume = {49},
  pages = {230--246},
  issue = {2}
}

@ARTICLE{JAD:2010,
  author = {B. C. Johnson and G. E. Apostolakis and R. Denning},
  title = {Application of a Limit Exceedance Importance Measure to Risk-Informed
	Design},
  journal = {Nuclear Technology},
  year = {2010},
  volume = {172},
  pages = {108--119},
  issue = {2}
}

@BOOK{JKB:1994,
  title = {Continuous Univariate Distributions, Volume 1},
  publisher = {John Wiley \& Sons},
  year = {1994},
  author = {N. L. Johnson and S. Kotz and N. Balakrishnan},
  address = {New York},
  edition = {Second}
}

@ARTICLE{Jones:1992,
  author = {M. C. Jones},
  title = {Estimating Densities, Quantiles, Quantile Densities and Density Quantiles},
  journal = {Ann. Inst. Statist. Math.},
  year = {1992},
  volume = {44},
  pages = {721--727}
}

@ARTICLE{Jones:1991,
  author = {M. C. Jones},
  title = {Kernel density estimation for length biased data},
  journal = {Biometrika},
  year = {1991},
  volume = {78},
  pages = {511--519}
}

@ARTICLE{JKS:2007,
  author = {S. Juneja and R. Karandikar and P. Shahabuddin},
  title = {Asymptotics and Fast Simulation for Tail Probabilities of Maximum
	of Sums of Few Random Variables},
  journal = {ACM Transactions on Modeling and Computer Simulation},
  year = {2007},
  volume = {17},
  pages = {article 2, 35 pages}
}

@INCOLLECTION{JuSh:2006,
  author = {S. Juneja and P. Shahabuddin},
  title = {Rare Event Simulation Techniques: An Introduction and Recent Advances},
  booktitle = {Elsevier Handbooks in Operations Research and Management Science:
	Simulation},
  publisher = {Elsevier},
  year = {2006},
  editor = {S. G. Henderson and B. L. Nelson},
  pages = {291--350},
  address = {Amsterdam}
}

@ARTICLE{JuSh:2001,
  author = {S. Juneja and P. Shahabuddin},
  title = {Fast simulation of Markov chains with small transition probabilities},
  journal = {Management Science},
  year = {2001},
  volume = {47},
  pages = {547--562}
}

@BOOK{KeSn:1960,
  title = {Finite {M}arkov Chains},
  publisher = {Van Nostrand},
  year = {1960},
  author = {J. G. Kemeny and J. L. Snell},
  address = {Princeton, NJ}
}

@ARTICLE{KeVo:1990,
  author = {A. G. Z. Kemna and A. C. F. Vorst},
  title = {A pricing method for options based on average asset values},
  journal = {Journal of Banking and Finance},
  year = {1990},
  volume = {14},
  pages = {113--129},
  issue = {1}
}

@ARTICLE{Kief:1967,
  author = {J. Kiefer},
  title = {On {B}ahadur's representation of sample quantiles},
  journal = {Annals of Mathemetical Statistics},
  year = {1967},
  volume = {38},
  pages = {1350--1353}
}

@ARTICLE{Kief:1953,
  author = {J. Kiefer},
  title = {Sequential minimax search for a maximum},
  journal = {Proc. Amer. Math. Soc.},
  year = {1953},
  volume = {4},
  pages = {502--506}
}

@ARTICLE{KiWo:1952,
  author = {J. Kiefer and J. Wolfowitz},
  title = {Stochastic estimation of the maximum of a regression function},
  journal = {Annals of Mathematical Statistics},
  year = {1952},
  volume = {23},
  pages = {462--466}
}

@INCOLLECTION{KiNe:2006,
  author = {S.-H. Kim and B. L. Nelson},
  title = {Selecting the Best System},
  booktitle = {Elsevier Handbooks in Operations Research and Management Science:
	Simulation},
  publisher = {Elsevier},
  year = {2006},
  address = {Amsterdam}
}

@ARTICLE{KiNe:2006or,
  author = {S.-H. Kim and B. L. Nelson},
  title = {On the Asymptotic Validity of Fully Sequential Selection Procedures
	for Steady-State Simulation},
  journal = {Operations Research},
  year = {2006},
  volume = {54},
  pages = {475--488}
}

@BOOK{Knut:1997,
  title = {The Art of Computer Programming: Fundamental Algorithms},
  publisher = {Addison-Wesley},
  year = {1997},
  author = {D. E. Knuth},
  address = {Reading, Massachusetts},
  edition = {Third}
}

@ARTICLE{Kram:1956,
  author = {C. Y. Kramer},
  title = {Extension of multiple range tests to group means with unequal numbers
	of replications},
  journal = {Biometrics},
  year = {1956},
  volume = {12},
  pages = {307--310}
}

@BOOK{KrSt:1998,
  title = {Combinatorial Algorithms: Generation, Enumeration, and Search},
  publisher = {CRC},
  year = {1998},
  author = {D. L. Kreher and D. R. Stinson},
  address = {Boca Raton, Florida}
}

@INPROCEEDINGS{KGS:1996,
  author = {G. Krishnamurthi and A. Gupta and A. K. Somani},
  title = {The {HIMAP} Modeling Environment},
  booktitle = {Proceedings of the 9th International Conference on Parallel and Distributed
	Computing Systems},
  year = {1996},
  pages = {254--259}
}

@ARTICLE{Kush:1964,
  author = {H. Kushner},
  title = {A new method of locating the maximum point of an arbitrary multipeak
	curve in the presence of noise},
  journal = {Journal of Basic Engineering},
  year = {1964},
  volume = {86},
  pages = {97--106}
}

@ARTICLE{Kush:1962,
  author = {H. Kushner},
  title = {A versatile stochastic model of a function of unknown and time-varying
	form},
  journal = {Journal of Mathematical Analysis and Applications},
  year = {1953},
  volume = {5},
  pages = {150--167}
}

@INPROCEEDINGS{Lecu:1993,
  author = {P. L'Ecuyer},
  title = {Two Approaches for Estimating the Gradient in Functional Form},
  booktitle = {Proceedings of the 1993 Winter Simulation Conference},
  year = {1993},
  editor = {E. C. Russell and W. E. Biles and G. W. Evans and M. Mollaghasemi},
  pages = {338--345},
  address = {Piscataway, New Jersey},
  publisher = {Institute of Electrical and Electronics Engineers}
}

@ARTICLE{LeVa:1997,
  author = {P. L'Ecuyer and F. J. V\'{a}zquez-Abad},
  title = {Functional Estimation with Respect to a Threshold Parameter via Dynamic
	Split-and-Merge},
  journal = {Discrete Event Dynamic Systems: Theory and Applications},
  year = {1997},
  volume = {7},
  pages = {69--92}
}

@ARTICLE{LaPo:2007,
  author = {H. Langseth and L. Portinale},
  title = {Bayesian networks in reliability},
  journal = {Reliability Engineering \& System Safety},
  year = {2007},
  volume = {92},
  pages = {92--108}
}

@BOOK{Law:2006,
  title = {Simulation {M}odeling and {A}nalysis},
  publisher = {McGraw-Hill},
  year = {2006},
  author = {A. M. Law},
  address = {New York},
  edition = {Fourth}
}

@BOOK{LaKe:2000,
  title = {Simulation {M}odeling and {A}nalysis},
  publisher = {McGraw-Hill},
  year = {2000},
  author = {A. M. Law and W.~D.~Kelton},
  address = {New York},
  edition = {Third}
}

@BOOK{Lehm:1999,
  title = {Elements of {L}arge-{S}ample {T}heory},
  publisher = {Springer},
  year = {1999},
  author = {E.~L. Lehmann},
  address = {New York}
}

@BOOK{LeCa:1998,
  title = {Theory of {P}oint {E}stimation},
  publisher = {Springer},
  year = {1998},
  author = {E.~L.\ Lehmann and G.~Casella},
  address = {New York},
  edition = {Second}
}

@ARTICLE{LeBo:1984,
  author = {E. E. Lewis and F. Bohm},
  title = {{M}onte {C}arlo simulation of {M}arkov unreliability models},
  journal = {Nuclear Engineering and Design},
  year = {1984},
  volume = {77},
  pages = {49--62}
}

@ARTICLE{LNR:1999,
  author = {D. Lieber and A. Nemirovskii and R. Y. Rubinstein},
  title = {A Fast {M}onte {C}arlo Method for Evaluating Reliability Indexes},
  journal = {IEEE Transactions on Reliability},
  year = {1999},
  volume = {48},
  pages = {256--261},
  issue = {3}
}

@ARTICLE{LRE:1997,
  author = {D. Lieber and R. Y. Rubinstein and D. Elmakis},
  title = {Quick Estimation of Rare Events in Stochastic Networks},
  journal = {IEEE Transactions on Reliability},
  year = {1997},
  volume = {46},
  pages = {254--265},
  issue = {2}
}

@ARTICLE{LiYa:2012,
  author = {J. Liu and X. Yang},
  title = {The convergence rate and asymptotic distribution of bootstrap quantile
	
	variance estimator for importance sampling},
  journal = {Advances in Applied Probability},
  year = {2012},
  volume = {44},
  pages = {815--841},
  owner = {m},
  timestamp = {2013.01.14}
}

@UNPUBLISHED{LiYa:2011,
  author = {J. Liu and X. Yang},
  title = {The convergence rate and asymptotic distribution of bootstrap quantile
	variance estimator for importance sampling},
  note = {Preprint},
  year = {2011}
}

@INPROCEEDINGS{Luka:1956,
  author = {E. Lukacs},
  title = {Characterization of Populations by Properties of Suitable Statistics},
  booktitle = {Proceedings of the 3rd Berkeley Symposium on Mathematical Statistics
	and Probability, Volume 2},
  year = {1956},
  pages = {195--214},
  address = {Los Angeles and Berkeley},
  publisher = {University of California Press}
}

@TECHREPORT{LAV:2011,
  author = {D. Lurie and L. Abramson and J. Vail},
  title = {Applying Statistics},
  year = {2011},
  type = {U.S. Nuclear Regulatory Commission Report},
  number = {NUREG-1475, Rev.~1},
  address = {Washington, DC}
}

@ARTICLE{MaJa:1978,
  author = {J. S. Maritz and R. G. Jarrett},
  title = {A note on estimating the variance of the sample median},
  journal = {Journal of the American Statistical Association},
  year = {1978},
  volume = {73},
  pages = {194--196}
}

@ARTICLE{MJS:2002,
  author = {S. Maskey and A. Jonoski and D. P. Solomatine},
  title = {Groundwater remediation strategy using global optimization algorithms},
  journal = {Journal of Water Resources Planning and Management},
  year = {2002},
  volume = {128},
  pages = {431--440},
  issue = {6}
}

@ARTICLE{MaNe:1995,
  author = {F. J. Matejcik and B. L. Nelson},
  title = {Two-stage multiple comparisons with the best for computer simulation},
  journal = {Operations Research},
  year = {1995},
  volume = {43},
  pages = {633--640}
}

@ARTICLE{MCB:1979,
  author = {M. D. McKay and W. J. Conover and R. J. Beckman},
  title = {A Comparison of Three Methods for Selecting Input Variables in the
	Analysis of Output from a Computer Code},
  journal = {Technometrics},
  year = {1979},
  volume = {21},
  pages = {239--245}
}

@ARTICLE{MeHe:1982,
  author = {M. S. Meketon and P. Heidelberger},
  title = {A renewal theoretic approach to bias reduction in regenerative simulations},
  journal = {Management Science},
  year = {1982},
  volume = {24},
  pages = {173--181}
}

@ARTICLE{Mert:1976,
  author = {R. C. Merton},
  title = {Option pricing when underlying stock returns are discontinuous},
  journal = {Journal of Financial Economics},
  year = {1976},
  volume = {3},
  pages = {125--144}
}

@INPROCEEDINGS{MDA:2010,
  author = {K. Metzroth and R. Denning and T. Aldemir},
  title = {Discretization Sensitivity Studies for Dynamic Event Tree Analyses},
  booktitle = {Proceedings of the 2010 International Congress on the Advances in
	Nuclear Power Plants (ICAPP 2010)},
  year = {2010},
  address = {LaGrange Park, IL},
  publisher = {American Nuclear Society}
}

@BOOK{MeTw:1996,
  title = {Markov {C}hains and {S}tochastic {S}tability},
  publisher = {Springer},
  year = {1996},
  author = {S. P. Meyn and R. L. Tweedie},
  address = {New York}
}

@TECHREPORT{NRCTF,
  author = {C. Miller and A. Cubbage and D. Dorman and J. Grobe and G. Holahan
	and N. Sanfilippo},
  title = {Recommendations for Enhancing Reactor Safety in the 21st Century:
	The Near-Term Task Force Review of Insights from the {Fukushima Dai-ichi}
	Accident},
  year = {2011},
  type = {{U.S. Nuclear Regulatory Commission} Report},
  address = {Washington, DC}
}

@ARTICLE{Mukh:1979,
  author = {N. Mukhopadhyay},
  title = {Some comments on two-stage selection procedures},
  journal = {Communications in Statistics, Series A},
  year = {1979},
  volume = {8},
  pages = {671--683}
}

@BOOK{MuSo:1994,
  title = {Multistage Selection and Ranking Procedures: Second-Order Asymptotics},
  publisher = {Marcel Dekker},
  year = {1994},
  author = {N. Mukhopadhyay and T. K. S. Solanky},
  address = {New York}
}

@ARTICLE{MuGl:1997,
  author = {D. F. Munoz and P. W. Glynn},
  title = {A batch means methodology for estimation of a nonlinear function
	of a steady-state mean},
  journal = {Management Science},
  year = {1997},
  volume = {43},
  pages = {1121--1135}
}

@INPROCEEDINGS{MFT:2000,
  author = {J. K. Muppala and R. M. Fricks and K. S. Trivedi},
  title = {Techniques for System Dependability Evaluation},
  booktitle = {Computational Probability},
  year = {2000},
  editor = {W. K. Grassmann},
  pages = {445--480},
  address = {The Netherlands},
  publisher = {Kluwer}
}

@INPROCEEDINGS{Naka:2007wsc,
  author = {M. K. Nakayama},
  title = {Single-Stage Multiple-Comparison Procedure for Quantiles and Other
	Parameters},
  booktitle = {Proceedings of the 2007 Winter Simulation Conference},
  year = {2007},
  editor = {S. G. Henderson and B. Biller and M.-H. Hsieh and J. Shortle and
	J. D. Tew and R. R. Barton},
  pages = {530--534},
  address = {Piscataway, New Jersey},
  publisher = {Institute of Electrical and Electronics Engineers}
}

@INPROCEEDINGS{Naka:2011wsc,
  author = {M. K. Nakayama},
  title = {Asymptotic Properties of Kernel Density Estimators When Applying
	Importance Sampling },
  booktitle = {Proceedings of the 2011 Winter Simulation Conference},
  year = {2011},
  editor = {S. Jain and R.R. Creasey and J. Himmelspach and K.P. White and M.
	Fu},
  pages = {556--568},
  address = {Piscataway, New Jersey},
  publisher = {Institute of Electrical and Electronics Engineers}
}

@INPROCEEDINGS{Naka:2012wsc,
  author = {M. K. Nakayama},
  title = {Using Sectioning to Construct Confidence Intervals for Quantiles
	When Applying Importance Sampling},
  booktitle = {Proceedings of the 2012 Winter Simulation Conference},
  year = {2012},
  editor = {C. Laroque and J. Himmelspach and R. Pasupathy and O. Rose and A.
	M. Uhrmacher},
  pages = {to appear},
  address = {Piscataway, New Jersey},
  publisher = {Institute of Electrical and Electronics Engineers}
}

@INPROCEEDINGS{Naka:2008wsc,
  author = {M. K. Nakayama},
  title = {Run-Length Variability of Two-Stage Multiple Comparisons with the
	Best for Steady-state Simulations and Its Implications for Choosing
	First-Stage Run Lengths},
  booktitle = {Proceedings of the 2008 Winter Simulation Conference},
  year = {2008},
  editor = {S. J. Mason and R. R. Hill and L. M�nch and O. Rose and T. Jefferson
	and J. W. Fowler},
  pages = {252--259},
  address = {Piscataway, New Jersey},
  publisher = {Institute of Electrical and Electronics Engineers}
}

@INPROCEEDINGS{Naka:2006wsc,
  author = {M. K. Nakayama},
  title = {Selection and multiple comparisons for regenerative systems},
  booktitle = {Proceedings of the 2006 Winter Simulation Conference},
  year = {2006},
  editor = {L. F. Perrone and F. P. Wieland and J. Liu and B. G. Lawson and D.
	M. Nicol and R. M. Fujimoto},
  pages = {287--293},
  address = {Piscataway, New Jersey},
  publisher = {Institute of Electrical and Electronics Engineers}
}

@UNPUBLISHED{,
  author = {M. K. Nakayama},
  owner = {m},
  timestamp = {2012.11.30}
}

@ARTICLE{Naka:2012sect,
  author = {M. K. Nakayama},
  title = {Confidence Intervals Using Sectioning for Quantiles When Applying
	Variance-Reduction Techniques},
  year = {2012},
  note = {In preparation}
}

@INPROCEEDINGS{naka:asc2012,
  author = {M. K. Nakayama},
  title = {Confidence Intervals for Quantiles When Applying
	
	Replicated Latin Hypercube Sampling and Sectioning},
  booktitle = {Proceedings of the 2012 Autumn Simulation Conference},
  year = {2012},
  owner = {m},
  timestamp = {2012.11.30}
}

@ARTICLE{Naka:2011isk,
  author = {M. K. Nakayama},
  title = {Kernel Density Estimators When Applying Importance Sampling },
  year = {2011},
  note = {submitted}
}

@ARTICLE{Naka:2011lhs,
  author = {M. K. Nakayama},
  title = {Asymptotically Valid Confidence Intervals for Quantiles and Values-at-Risk
	When Applying {L}atin Hypercube Sampling},
  journal = {International Journal on Advances in Systems and Measurements},
  year = {2011},
  volume = {4},
  pages = {86--94}
}

@INPROCEEDINGS{Naka:2010lhs,
  author = {M. K. Nakayama},
  title = {Confidence Intervals for Quantiles When Applying {L}atin Hypercube
	Sampling},
  booktitle = {Proceedings of the Second International Conference on Advances in
	System Simulation (SIMUL 2010)},
  year = {2010},
  pages = {78--81}
}

@UNPUBLISHED{Naka:2009,
  author = {M. K. Nakayama},
  title = {Asymptotic Analysis of Two-Stage Selection and Multiple-Comparion
	Procedures for Simulations},
  note = {Submitted},
  year = {2009}
}

@UNPUBLISHED{Naka:2008mcbvar,
  author = {M. K. Nakayama},
  title = {Two-Stage Multiple Comparison Procedures for Steady-State Simulations:
	Run-Length Variability and Choosing First-Stage Run Lengths},
  note = {In preparation},
  year = {2008}
}

@UNPUBLISHED{Naka:2006,
  author = {M. K. Nakayama},
  title = {Two-Stage Selection and Multiple-Comparison Procedures for Simulations
	with Weakly Consistent Variance Estimators},
  note = {In preparation},
  year = {2006}
}

@ARTICLE{Naka:2001,
  author = {M. K. Nakayama},
  title = {Methods for efficiently simulating processes with multiple regeneration
	sequences},
  journal = {Communications of the Operations Research Society of Japan},
  year = {2001},
  volume = {46},
  pages = {174--181}
}

@ARTICLE{Naka:2000,
  author = {M. K. Nakayama},
  title = {Multiple Comparisons with the Best Using Common Random Numbers in
	Steady-State Simulations},
  journal = {Journal of Statistical Planning and Inference},
  year = {2000},
  volume = {85},
  pages = {37--48}
}

@ARTICLE{Naka:1998,
  author = {M. K. Nakayama},
  title = {On derivative estimation of the mean time to failure in simulations
	of highly reliable {M}arkovian systems},
  journal = {Operations Research},
  year = {1998},
  volume = {46},
  pages = {285--290}
}

@ARTICLE{Naka:1997,
  author = {M. K. Nakayama},
  title = {Multiple-comparison procedures for steady-state simulations},
  journal = {Annals of Statistics},
  year = {1997},
  volume = {25},
  pages = {2433--2450}
}

@ARTICLE{Naka:1996,
  author = {M. K. Nakayama},
  title = {General conditions for bounded relative error in simulations of highly
	reliable {M}arkovian systems},
  journal = {Advances in Applied Probability},
  year = {1996},
  volume = {28},
  pages = {687--727}
}

@ARTICLE{Naka:1995,
  author = {M. K. Nakayama},
  title = {Asymptotics of likelihood ratio derivative estimators in simulations
	of highly reliable {M}arkovian systems},
  journal = {Management Science},
  year = {1995},
  volume = {41},
  pages = {524--554}
}

@ARTICLE{Naka:1994,
  author = {M. K. Nakayama},
  title = {A characterization of the simple failure biasing method for simulations
	of highly reliable {M}arkovian systems},
  journal = {ACM Transactions on Modeling and Computer Simulation},
  year = {1994},
  volume = {4},
  pages = {52--88}
}

@ARTICLE{Naka:1994two,
  author = {M. K. Nakayama},
  title = {Two-Stage Stopping Procedures Based on Standardized Time Series},
  journal = {Management Science},
  year = {1994},
  volume = {40},
  pages = {1189--1206}
}

@ARTICLE{NGG:1994,
  author = {M. K. Nakayama and A.~Goyal and P.~W.~Glynn},
  title = {Likelihood ratio sensitivity analysis for {M}arkovian models of highly
	dependable systems},
  journal = {Operations Research},
  year = {1994},
  volume = {42},
  pages = {137--157}
}

@ARTICLE{NaSh:2004,
  author = {M. K. Nakayama and P.~Shahabuddin},
  title = {Quick simulation techniques for estimating the unreliability of large
	regenerative models of highly reliable systems},
  journal = {Probability in the Engineering and Informational Sciences},
  year = {2004},
  volume = {18},
  pages = {339--368}
}

@ARTICLE{NaSh:1998,
  author = {M. K. Nakayama and P.~Shahabuddin},
  title = {Likelihood ratio derivative estimators for finite-time performance
	measures of generalized semi-{M}arkov processes},
  journal = {Management Science},
  year = {1998},
  volume = {44},
  pages = {1426--1441}
}

@ARTICLE{NSS:2003,
  author = {M. K. Nakayama and P.~Shahabuddin and K.~Sigman},
  title = {On finite exponential moments for branching processes and busy periods
	for queues},
  journal = {Special Issue of Journal of Applied Probability},
  year = {2003},
  volume = {41A},
  pages = {273-280}
}

@ARTICLE{NaYe:2001,
  author = {M. K. Nakayama and B.~Yener},
  title = {Optimal information dispersal for probabilistic latency targets},
  journal = {Computer Networks},
  year = {2001},
  volume = {36},
  pages = {695--707}
}

@ARTICLE{Nels:1993,
  author = {B. L. Nelson},
  title = {Robust Multiple Comparisons under Common Random Numbers},
  journal = {ACM Transactions on Modeling and Computer Simulation},
  year = {1993},
  volume = {3},
  pages = {225--243}
}

@ARTICLE{NeMa:1995,
  author = {B. L. Nelson and F. J. Matejcik},
  title = {Using Common Random Numbers for Indifference-Zone Selection and Multiple
	Comparisons in Simulation},
  journal = {Management Science},
  year = {1995},
  volume = {41},
  pages = {1935--1945}
}

@ARTICLE{NNHG:1993,
  author = {V. F. Nicola and M. K. Nakayama and P. Heidelberger and A. Goyal},
  title = {Fast simulation of dependability models with general failure and
	repair processes},
  journal = {IEEE Transactions on Computers},
  year = {1993},
  volume = {42},
  pages = {1440--1452}
}

@ARTICLE{NSN:2001,
  author = {V. F. Nicola and P.~Shahabuddin and M. K. Nakayama},
  title = {Techniques for fast simulation of models of highly dependable systems},
  journal = {IEEE Transactions on Reliability},
  year = {2001},
  volume = {50},
  pages = {246--264}
}

@BOOKLET{NJIT:2011,
  title = {FactBook},
  author = {NJIT},
  year = {2011},
  note = {http://www.njit.edu/irp/factbook/commondata/index.php}
}

@BOOKLET{NJIT:2002,
  title = {Self-study and strategic plan},
  author = {NJIT},
  howpublished = {Prepared for the {C}ommission on {H}igher {E}ducation of the {M}iddle
	{S}tates {A}ssociation of {C}olleges and {S}chools},
  year = {2002}
}

@MANUAL{njitpc,
  title = {{NJIT} High School Programming Contest},
  author = {{NJIT Computer Science Department}},
  organization = {{NJIT}},
  address = {Newark, NJ},
  note = {http://cs.njit.edu/news/programmingcontest/}
}

@BOOKLET{njitpc2,
  title = {{NJIT} High School Programming Contest},
  author = {{NJIT Computer Science Department}},
  url = {http://cs.njit.edu/news/programmingcontest/}
}

@BOOK{Nova:1998,
  title = {Deterministic and {S}tochastic {E}rror {B}ounds in {N}umerical {A}nalysis},
  publisher = {Springer},
  year = {1998},
  author = {E. Novak},
  address = {Berlin}
}

@ARTICLE{NRW:1995,
  author = {E. Novak and K.~Ritter and H.~Wo\'{z}niakowski},
  title = {Average case optimality of a hybrid secant-bisection method},
  journal = {Math. Comp.},
  year = {1995},
  volume = {64},
  pages = {1517--1539}
}

@TECHREPORT{NEA:2007,
  author = {{Nuclear Energy Agency Committee on the Safety of Nuclear Installations}},
  title = {{BEMUSE} Phase {III} Report: Uncertainty and Sensitivity Analysis
	of the {LOFT L2-5} Test},
  year = {2007},
  type = {Organisation for Economic Co-operation and Development Report},
  number = {NEA/CSNI/R(2007)4},
  address = {Paris, France}
}

@TECHREPORT{NEA:2009,
  author = {{Nuclear Energy Agency Working Group on Fuel Safety}},
  title = {Nuclear Fuel Behaviour in Loss-of-coolant Accident {(LOCA)} Conditions:
	State-of-the-art Report},
  year = {2009},
  type = {Organisation for Economic Co-operation and Development Report},
  number = {NEA No.~6846},
  address = {Paris, France}
}

@ARTICLE{Numm:1978,
  author = {E. Nummelin},
  title = {A splitting technique for Harris recurrent {M}arkov chains},
  journal = {Z. Wahr.\ verw.\ Geb.},
  year = {1978},
  volume = {43},
  pages = {309--318}
}

@ARTICLE{NuWa:2004,
  author = {W. T. Nutt and G. B. Wallis},
  title = {Evaluation of nuclear safety from the outputs of computer codes in
	the presence of uncertainties},
  journal = {Reliability Engineering \& System Safety},
  year = {2004},
  volume = {83},
  pages = {57--77}
}

@ARTICLE{NNB:2011,
  author = {J. Nzouonta and M. K. Nakayama and C. Borcea},
  title = {On Deriving and Incorporating Multi-hop Path Duration Estimates in
	VANET Protocols},
  journal = {ACM Transactions on Modeling and Computer Simulation},
  year = {2011},
  volume = {21},
  pages = {article 14 (25 pages)}
}

@BOOK{PaUl:1999,
  title = {Nonparametric Econometrics},
  publisher = {Cambridge University Press},
  year = {1999},
  author = {A. Pagan and A. Ullah},
  address = {England}
}

@INCOLLECTION{Parz:1979,
  author = {E. Parzen},
  title = {Density Quantile Estimation Approach to Statistical Data Modelling},
  booktitle = {Smoothing Techniques for Curve Estimation},
  publisher = {Springer},
  year = {1979},
  address = {Berlin}
}

@ARTICLE{Parz:1962,
  author = {E. Parzen},
  title = {On estimation of a probability density and mode},
  journal = {Annals of Mathematical Statistics},
  year = {1962},
  volume = {33},
  pages = {1065--1076}
}

@ARTICLE{Pieg:1991,
  author = {W. W. Piegorsch},
  title = {Multiple comparisons for analyzing dichotomous response},
  journal = {Biometrics},
  year = {1991},
  volume = {47},
  pages = {45--52}
}

@BOOK{Plas:1996,
  title = {Noisy {I}nformation and {C}omputational {C}omplexity},
  publisher = {Cambridge University Press},
  year = {1996},
  author = {L. Plaskota},
  address = {Cambridge, UK}
}

@ARTICLE{PrWi:1996,
  author = {J. G. Propp and D. B. Wilson},
  title = {Exact sampling with coupled {M}arkov chains and applications to statistical
	mechanics},
  journal = {Random Structures and Algorithms},
  year = {1996},
  volume = {9},
  pages = {223--252}
}

@MANUAL{Rman:2008,
  title = {R: A Language and Environment for Statistical Computing},
  author = {{R Development Core Team}},
  organization = {R Foundation for Statistical Computing},
  address = {Vienna, Austria},
  year = {2008},
  note = {{ISBN} 3-900051-07-0},
  url = {http://www.R-project.org}
}

@ARTICLE{ReWe:1989,
  author = {M.~I.\ Reiman and A.~Weiss},
  title = {Sensitivity analysis for simulations via likelihood ratios},
  journal = {Operations Research},
  year = {1989},
  volume = {37},
  pages = {830--844}
}

@TECHREPORT{RELAP,
  author = {{RELAP5-3D Code Development Team}},
  title = {{RELAP5-3D} Code Manual Volume {I}: Code Structure, System Models,
	and Solution Methods},
  year = {2005},
  type = {Code Manual},
  number = {INEEL-EXT-98-00834, Revision 2.4},
  address = {Idaho National Laboratory, Idaho Falls, Idaho 83415}
}

@BOOK{ReYo:1994,
  title = {Continuous {M}artingales and {B}rownian {M}otion},
  publisher = {Springer},
  year = {1994},
  author = {D. Revuz and M. Yora},
  address = {New York},
  edition = {Second}
}

@ARTICLE{Ridd:2005,
  author = {A. Ridder},
  title = {Importance Sampling Simulations of {M}arkovian Reliability Systems
	Using Cross-Entropy},
  journal = {Annals of Operations Research},
  year = {2005},
  volume = {134},
  pages = {119--136},
  issue = {1}
}

@ARTICLE{Rino:1978,
  author = {Y. Rinott},
  title = {On two-stage selection procedures and related probability-inequalities},
  journal = {Communications in Statistics---Theory and Methods},
  year = {1978},
  volume = {A7},
  pages = {799--811}
}

@BOOK{Ritt:2000,
  title = {Average-{C}ase {A}nalysis of {N}umerical {P}roblems},
  publisher = {Springer},
  year = {2000},
  author = {K. Ritter},
  address = {Berlin}
}

@ARTICLE{Ritt:1990,
  author = {K. Ritter},
  title = {Approximation and optimization on the {W}iener space},
  journal = {J. Complexity},
  year = {1990},
  volume = {6},
  pages = {337--364}
}

@ARTICLE{Rose:1956,
  author = {M. Rosenblatt},
  title = {Remarks on some non-parametric estimates of a density function},
  journal = {Annals of Mathematical Statistics},
  year = {1956},
  volume = {27},
  pages = {832--837}
}

@BOOK{Ross:2007,
  title = {Introduction to Probability Models},
  publisher = {Academic Press},
  year = {2007},
  author = {S. Ross},
  address = {San Diego, CA},
  edition = {Nine}
}

@BOOK{Ross:1997,
  title = {Simulation},
  publisher = {Academic Press},
  year = {1997},
  author = {S. Ross},
  address = {San Diego, CA},
  edition = {Second}
}

@BOOK{Ross:1995,
  title = {Stochastic Processes},
  publisher = {Wiley},
  year = {1995},
  author = {S. Ross},
  address = {New York},
  edition = {Second}
}

@ARTICLE{Rubi:1989,
  author = {R. Y. Rubinstein},
  title = {Sensitivity analysis and performance extrapolation for computer simulation
	models},
  journal = {Operations Research},
  year = {1989},
  volume = {37},
  pages = {72--81}
}

@ARTICLE{Rubi:1986,
  author = {R. Y. Rubinstein},
  title = {The Score Function Approach for Sensitivity Analysis of Computer
	Simulation Models},
  journal = {Mathematics and Computers in Simulation},
  year = {1986},
  volume = {28},
  pages = {351--379}
}

@BOOK{RuSh:1983,
  title = {Discrete Event Systems: Sensitivity Analysis and Stochastic Optimization
	via the Score Function Method},
  publisher = {Wiley},
  year = {1983},
  author = {R. Y. Rubinstein and A. Shapiro},
  address = {New York}
}

@BOOK{Rudi:1986,
  title = {Real and Complex Analysis},
  publisher = {McGraw-Hill},
  year = {1986},
  author = {W. Rudin},
  address = {New York},
  edition = {3rd}
}

@ARTICLE{Rupp:1982,
  author = {D. Ruppert},
  title = {Almost sure approximations to the {R}obbins-{M}unro and {K}iefer-{W}olfowitz
	processes with dependent noise},
  journal = {Annals of Probability},
  year = {1982},
  volume = {10},
  pages = {178--187}
}

@BOOK{STP:1996,
  title = {Performance and Reliability Analysis of Computer Systems},
  publisher = {Kluwer},
  year = {1996},
  author = {R. A. Sahner and K. S. Trivedi and A. Puliafito},
  address = {Boston}
}

@ARTICLE{Sche:1953,
  author = {H. Scheff\'{e}},
  title = {A method for judging all contrasts in the analysis of variance},
  journal = {Biometrika},
  year = {1953},
  volume = {40},
  pages = {87--104}
}

@ARTICLE{Schm:1982,
  author = {B. W. Schmeiser},
  title = {Batch size effects in the analysis of simulation output},
  journal = {Operations Research},
  year = {1982},
  volume = {30},
  pages = {556--568}
}

@ARTICLE{STW:2000,
  author = {B. W. Schmeiser and M. R. Taaffe and J. Wang},
  title = {Biased Control-Variate Estimation},
  journal = {IIE Transactions},
  year = {2000},
  volume = {33},
  pages = {219--228}
}

@ARTICLE{Schr:1983,
  author = {L. W. Schruben},
  title = {Confidence interval estimation using standardized time series},
  journal = {Operations Research},
  year = {1983},
  volume = {31},
  pages = {1090--1108}
}

@ARTICLE{Seil:1982,
  author = {A. F. Seila},
  title = {A Batching Approach to Quantile Estimation in Regenerative Simulation},
  journal = {Management Science},
  year = {1982},
  volume = {28},
  pages = {573--581}
}

@BOOK{Serf:1980,
  title = {Approximation Theorems of Mathematical Statistics},
  publisher = {John Wiley \& Sons},
  year = {1980},
  author = {R. J. Serfling},
  address = {New York}
}

@ARTICLE{Shah:1994,
  author = {P. Shahabuddin},
  title = {Importance sampling for highly reliable {M}arkovian systems},
  journal = {Management Science},
  year = {1994},
  volume = {40},
  pages = {333--352}
}

@ARTICLE{SAP:2010,
  author = {L. Sharma and T. Aldemir and R. Parker},
  title = {Importance Ranking of Parameters Affecting Reactor Dynamics Using
	the {T}aguchi Method},
  journal = {Nuclear Technology},
  year = {2010},
  volume = {169},
  pages = {18--33},
  owner = {marvin},
  timestamp = {2012.08.30}
}

@BOOK{Shed:1993,
  title = {Regenerative {S}tochastic {S}imulation},
  publisher = {Academic Press},
  year = {1993},
  author = {G. S. Shedler},
  address = {San Diego}
}

@ARTICLE{Shep:1979,
  author = {L. A. Shepp},
  title = {The joint density of the maximum and its location for a {W}iener
	process with drift},
  journal = {Journal of Applied Probability},
  year = {1979},
  volume = {31},
  pages = {423--427}
}

@BOOK{ShWe:1986,
  title = {Empirical Processes With Applications to Statistics},
  publisher = {Wiley},
  year = {1986},
  author = {G. R. Shorack and J. A. Wellner},
  address = {New York}
}

@ARTICLE{Sidd:1960,
  author = {M. M. Siddiqui},
  title = {Distribution of quantiles in samples from a bivariate population},
  journal = {Journal of Research of the National Bureau of Standards B},
  year = {1960},
  volume = {64},
  pages = {145--150}
}

@BOOK{Silv:2004,
  title = {Limit Theorems for Randomly Stopped Stochastic Processes},
  publisher = {Springer},
  year = {2004},
  author = {D. S. Silvestrov},
  address = {London}
}

@ARTICLE{Slep:1962,
  author = {D. Slepian},
  title = {The one-sided barrier problem for {G}aussian noise},
  journal = {Bell System Technical Journal},
  year = {1962},
  volume = {41},
  pages = {463--501}
}

@ARTICLE{SDTG:1986,
  author = {M. K. Smotherman and J. B. Dugan and K. S. Trivedi and R. M. Geist},
  title = {The hybrid automated reliability predictor},
  journal = {AIAA Journal of Guidance, Control and Dynamics},
  year = {1986},
  volume = {9},
  pages = {319--331}
}

@ARTICLE{SRA:1992,
  author = {A. K. Somani and J. A. Ritcey and S. H. Au},
  title = {Computationally Efficient Phased Mission Reliability Analysis for
	Systems with Variable Configuration},
  journal = {IEEE Transactions on Reliability},
  year = {1992},
  volume = {41},
  pages = {504--511}
}

@ARTICLE{SpIs:1985,
  author = {J. D. Spurrier and S. P. Isham},
  title = {Exact simultaneous confidence intervals for pairwise comparisons
	of three normal means},
  journal = {Journal of the American Statistical Association},
  year = {1985},
  volume = {80},
  pages = {438--432}
}

@INPROCEEDINGS{SrWh:1995wsc,
  author = {R. Srikant and W. Whitt},
  title = {Simulation Run Length Planning for Stochastic Loss Models},
  booktitle = {Proceedings of the 1995 Winter Simulation Conference},
  year = {1995},
  editor = {C. Alexopoulos and K. Kang and W. R. Lilegdon and D. Goldsman},
  pages = {1384--1391},
  address = {Piscataway, New Jersey},
  publisher = {Institute of Electrical and Electronics Engineers}
}

@ARTICLE{SrWh:1996tomacs,
  author = {R. Srikant and W. Whitt},
  title = {Simulation Run Lengths to Estimate Blocking Probabilities},
  journal = {ACM Transactions on Modeling and Computer Simulation},
  year = {1996},
  volume = {6},
  pages = {7--52}
}

@ARTICLE{Stein:1987,
  author = {M. Stein},
  title = {Large Sample Properties of Simulations Using {L}atin Hypercube Sampling},
  journal = {Technometrics},
  year = {1987},
  volume = {29},
  pages = {143--151},
  note = {correction 32:367}
}

@ARTICLE{SuWi:1989,
  author = {D. W. Sullivan and J. R. Wilson},
  title = {Restricted subset selection procedures for simulation},
  journal = {Operations Research},
  year = {1989},
  volume = {37},
  pages = {52--71}
}

@INPROCEEDINGS{SDC:1999,
  author = {K. J. Sullivan and J. B. Dugan and D. Coppit},
  title = {The {G}alileo fault tree analysis tool},
  booktitle = {Proceedings of the 29th Annual International Symposium on Fault-Tolerant
	Computing},
  year = {1999},
  pages = {232--235}
}

@ARTICLE{SuHo:2010,
  author = {L. Sun and L. J. Hong},
  title = {Asymptotic Representations for Importance-Sampling Estimators of
	Value-at-Risk and Conditional Value-at-Risk},
  journal = {Operations Research Letters},
  year = {2010},
  volume = {38},
  pages = {246--251}
}

@ARTICLE{Sver:1990,
  author = {E. Sverdrup},
  title = {The Delta Multiple Comparison Method. Performance and Usefulness},
  journal = {Scandinavian Journal of Statistics},
  year = {1990},
  volume = {17},
  pages = {115--134}
}

@ARTICLE{SJY:2003,
  author = {J. R. Swisher and S. H. Jacobson and E. Yucesan},
  title = {Discrete-Event Simulation Optimization Using Ranking, Selection,
	and Multiple Comparison Procedures: A Survey},
  journal = {ACM Transactions on Modeling and Computer Simulation},
  year = {2003},
  volume = {13},
  pages = {134--154}
}

@BOOK{ToZi:1989,
  title = {Global {O}ptimization},
  publisher = {Springer},
  year = {1989},
  author = {A. T\"{o}rn and A.\u{Z}ilinskas},
  address = {Berlin}
}

@ARTICLE{NYT-meltdown:2011,
  author = {H. Tabuchi},
  title = {Study Shows Worse Picture Of Meltdown In {J}apan},
  journal = {The New York Times},
  year = {2011},
  pages = {A8},
  month = {December 1,}
}

@INPROCEEDINGS{TaNi:2000,
  author = {K. Takeuchi and M. E. Nissley},
  title = {Best estimate Loss-of-Coolant Accident Licensing Methodology Based
	on WCOBRA/TRAC Code},
  booktitle = {Proceedings of the International Meeting of Best-Estimate Methods
	in Nuclear Installation Safety Analysis (BE-2000)},
  year = {2000}
}

@ARTICLE{Tamh:1977,
  author = {A. C. Tamhane},
  title = {Multiple comparisons in Model {I} One-Way {ANOVA} with Unequal Variances},
  journal = {Communications in Statistics},
  year = {1977},
  volume = {A6},
  pages = {15--32}
}

@ARTICLE{TGOS:1990,
  author = {G. Tokol and D. Goldsman and D.~H. Ockerman and J.~J. Swain},
  title = {Standardized time series {$L_p$}-norm variance estimators for simulation},
  journal = {Management Science},
  year = {1998},
  volume = {44},
  pages = {234--245}
}

@BOOK{TWW:1988,
  title = {Information-{B}ased {C}omplexity},
  publisher = {Academic Press},
  year = {1988},
  author = {J. F. Traub and G.~W.~Wasilkowski and H.~Wo\'{z}niakowski},
  address = {New York}
}

@BOOK{TrWe:1998,
  title = {Complexity and {I}nformation},
  publisher = {Cambridge University Press},
  year = {1998},
  author = {J. F. Traub and A. G. Werschulz},
  address = {Cambridge, UK}
}

@BOOK{Triv:2001,
  title = {Probability and Statistics with Reliability, Queueing, and Computer
	Science Applications},
  publisher = {Wiley},
  year = {2001},
  author = {K. S. Trivedi},
  address = {New York},
  edition = {Second}
}

@ARTICLE{Tuke:1965,
  author = {J. W. Tukey},
  title = {Which Part of the Sample Contains the Information?},
  journal = {Proc Natl Acad Sci USA},
  year = {1965},
  volume = {53},
  pages = {127--134}
}

@UNPUBLISHED{Tuke:1953,
  author = {J. W. Tukey},
  title = {The Problem of Multiple Comparisons},
  note = {mimeographed monograph},
  year = {1953}
}

@MANUAL{USCensus:2010,
  title = {{U.S.} {C}ensus {B}ureau Delivers {N}ew {J}ersey's 2010 Census Population
	Totals, Including First Look at Race and {H}ispanic Origin Data for
	Legislative Redistricting},
  author = {{U.S. Census Bureau}},
  year = {2010},
  note = {http://2010.census.gov/news/releases/operations/cb11-cn15.html},
  url = {http://2010.census.gov/news/releases/operations/cb11-cn15.html}
}

@MANUAL{doeweb,
  title = {{N}uclear {R}egulatory {C}ommission webpage},
  author = {{U.S. Department of Energy}},
  year = {2011},
  note = {http://www.etec.energy.gov/Regulation/Nuclear-Regulatory-Commission.html},
  url = {http://www.etec.energy.gov/Regulation/Nuclear-Regulatory-Commission.html}
}

@TECHREPORT{NUREGappa,
  author = {{U.S. Nuclear Regulatory Commission}},
  title = {General Design Criteria for Nuclear Power Plants},
  year = {2012},
  type = {{Title 10}, {Code of Federal Regulations}},
  number = {{Appendix A to Part 50}},
  address = {Washington, DC}
}

@TECHREPORT{NRCIN2011-03,
  author = {{U.S. Nuclear Regulatory Commission}},
  title = {Nonconservative Criticality Safety Analysis for Fuel Storage},
  year = {2011},
  type = {U.S. Nuclear Regulatory Commission Information Notice},
  number = {2011-03},
  address = {Washington, DC}
}

@TECHREPORT{NUREG1475,
  author = {{U.S. Nuclear Regulatory Commission}},
  title = {Applying Statistics},
  year = {2011},
  type = {U.S. Nuclear Regulatory Commission Report},
  number = {NUREG-1475, Rev 1},
  address = {Washington, DC}
}

@TECHREPORT{NUREG10,
  author = {{U.S. Nuclear Regulatory Commission}},
  title = {Acceptance criteria for emergency core cooling systems for light-water
	nuclear power reactors},
  year = {2010},
  type = {{Title 10}, {Code of Federal Regulations}},
  number = {{Section 50.46} ({10CFR50.46})},
  address = {Washington, DC}
}

@TECHREPORT{NRCPRA,
  author = {{U.S. Nuclear Regulatory Commission}},
  title = {Fact Sheet: Probabilistic Risk Assessment},
  year = {2007},
  type = {{U.S. Nuclear Regulatory Commission} Fact Sheet},
  address = {Washington, DC}
}

@TECHREPORT{NUREG1.207,
  author = {{U.S. Nuclear Regulatory Commission}},
  title = {Guidelines for Evaluating Fatigue Analyses Incorporating the Life
	Reduction of Metal Components Due to the Effects of the Light-Water
	Reactor Environment for New Reactors},
  year = {2007},
  type = {U.S. Nuclear Regulatory Commission Regulatory Guide},
  number = { 1.207},
  address = {Washington, DC}
}

@TECHREPORT{NUREGCR6909,
  author = {{U.S. Nuclear Regulatory Commission}},
  title = {Effect of {LWR} Coolant Environments on the Fatigue Life of Reactor
	Materials},
  year = {2007},
  type = {U.S. Nuclear Regulatory Commission Final Report},
  number = {NUREG/CR-6909, ANL-06/08},
  address = {Washington, DC}
}

@TECHREPORT{NUREG6698,
  author = {{U.S. Nuclear Regulatory Commission}},
  title = {Guide for Validation of Nuclear Criticality Safety Calculational
	Methodology},
  year = {2001},
  type = {U.S. Nuclear Regulatory Commission Regulatory Guide},
  number = {NUREG/CR-6698},
  address = {Washington, DC}
}

@TECHREPORT{NRCGL9505,
  author = {{U.S. Nuclear Regulatory Commission}},
  title = {Voltage-Based Repair Criteria For {W}estinghouse Steam Generator
	Tubes Affected By Outside Diameter Stress Corrosion Cracking},
  year = {1995},
  type = {Nuclear Regulatory Commission Generic Letter},
  number = {NRC GL 95-05},
  address = {Washington, DC}
}

@TECHREPORT{NUREG1.105,
  author = {{U.S. Nuclear Regulatory Commission}},
  title = {Setpoints for Safety-Related Instrumentation},
  year = {1995},
  type = {Nuclear Regulatory Commission Regulatory Guide},
  number = {1.105},
  address = {Washington, DC}
}

@TECHREPORT{NUREG1.157,
  author = {{U.S. Nuclear Regulatory Commission}},
  title = {Best-Estimate Calculations of Emergency Core Cooling Performance},
  year = {1989},
  type = {Nuclear Regulatory Commission Regulatory Guide},
  number = {1.157},
  address = {Washington, DC}
}

@INPROCEEDINGS{VaJa:1994,
  author = {F. J. V\'{a}zquez-Abad and S. H. Jacobson},
  title = {Application of {RPA} and the Phantom Harmonic Gradient Estimators
	to a Priority Queueing System},
  booktitle = {Proceedings of the 1994 Winter Simulation Conference},
  year = {1994},
  editor = {D. A. Sadowski and A. F. Seila and J. D. Tew and S. Manivannan},
  pages = {369--376},
  address = {Piscataway, New Jersey},
  publisher = {Institute of Electrical and Electronics Engineers}
}

@BOOK{Vand:1998,
  title = {Asymptotic Statistics},
  publisher = {Cambridge University Press},
  year = {1998},
  author = {A. W. Van Der Vaart},
  address = {Cambridge, UK}
}

@ARTICLE{Vaki:1991,
  author = {P. Vakili},
  title = {Using a Standard Clock Technique for Efficient Simulation},
  journal = {Operations Research Letters},
  year = {1991},
  volume = {10},
  pages = {445--452}
}

@ARTICLE{Vent:1967,
  author = {J. H. Ventner},
  title = {An extension of the {R}obbins-{M}unro procedure},
  journal = {Annals of Mathematical Statistics},
  year = {1967},
  volume = {38},
  pages = {181--190}
}

@INPROCEEDINGS{ViVi:1991,
  author = {M.\ Villen-Altamirano and J.~Villen-Altamirano},
  title = {{RESTART}: A method for accelerating rare event simulations},
  booktitle = {Queueing, Performance and Control in ATM},
  year = {1991},
  editor = {J.~W.~Cohen and C.~D.~Pack},
  publisher = {Elsevier Science}
}

@ARTICLE{WSB:2008,
  author = {M. Walter and M. Siegle and A. Bode},
  title = {OpenSESAME--the simple but extensive, structured availability modeling
	environment},
  journal = {Reliability Engineering \& System Safety},
  year = {2008},
  volume = {93},
  pages = {857--873}
}

@BOOK{WaJo:1995,
  title = {Kernel Smoothing},
  publisher = {Chapman \& Hall},
  year = {1995},
  author = {M. P. Wand and M. C. Jones},
  address = {London}
}

@ARTICLE{Wasi:1984,
  author = {G. W. Wasilkowski},
  title = {Some nonlinear problems are as easy as the approximation problem},
  journal = {Comput. Math. Appl.},
  year = {1984},
  volume = {10},
  pages = {351--363}
}

@ARTICLE{Watt:2002,
  author = {D. J. Watts},
  title = {A Simple Model of Global Cascades on Random Networks},
  journal = {Proceedings of the National Academy of Sciences USA},
  year = {2002},
  volume = {99},
  pages = {5766--5771}
}

@ARTICLE{WVKC:2003,
  author = {K. S. Westphal and R. Vogel and P. Kirshen and S. Chapra},
  title = {Decision support system for adaptive water supply management},
  journal = {Journal of Water Resources Planning and Management},
  year = {2003},
  volume = {129},
  pages = {165--177},
  issue = {3}
}

@INPROCEEDINGS{Whit:2006,
  author = {W. Whitt},
  title = {Analysis for the Design of Simulation Experiments},
  booktitle = {Handbooks in Operations Research and Management Science, Volume 13:
	Simulation},
  year = {2006},
  editor = {S. G. Henderson and B. L. Nelson},
  pages = {381--413},
  address = {Amsterdam},
  publisher = {North Holland}
}

@INPROCEEDINGS{Whit:1989wsc,
  author = {W. Whitt},
  title = {Simulation Run Length Planning},
  booktitle = {Proceedings of the 1989 Winter Simulation Conference},
  year = {1989},
  editor = {E. A. MacNair and K. J. Musselman and P. Heidelberger},
  pages = {106--112},
  address = {Piscataway, New Jersey},
  publisher = {Institute of Electrical and Electronics Engineers}
}

@BOOK{Whit:2002,
  title = {{S}tochastic-{P}rocess {L}imits: An {I}ntroduction to {S}tochastic-{P}rocess
	{L}imits and {T}heir {A}pplication to {Q}ueues},
  publisher = {Springer-Verlag},
  year = {2002},
  author = {W. Whitt},
  address = {New York}
}

@ARTICLE{Whit:1989ms,
  author = {W. Whitt},
  title = {Planning queueing simulations},
  journal = {Management Science},
  year = {1989},
  volume = {35},
  pages = {1341--1366}
}

@ARTICLE{Wilc:1984,
  author = {R. R. Wilcox},
  title = {A table for {R}inott's selection procedure},
  journal = {Journal of Quality Technology},
  year = {1984},
  volume = {16},
  pages = {97--100}
}

@ARTICLE{Wilk:1948,
  author = {S. S. Wilks},
  title = {Order Statistics},
  journal = {Bulletin of the American Mathematical Society},
  year = {1948},
  volume = {5},
  pages = {6--50}
}

@ARTICLE{Wilk:1941,
  author = {S. S. Wilks},
  title = {Determination of Sample Sizes for Setting Tolerance Limits},
  journal = {Annals of Mathematical Statistics},
  year = {1941},
  volume = {12},
  pages = {91--96}
}

@BOOK{Woo:1999,
  title = {The {M}athematics of {N}atural {C}atastrophes},
  publisher = {Imperial College Press},
  year = {1999},
  author = {G. Woo},
  address = {London, UK}
}

@ARTICLE{Wurb:1993,
  author = {R. A. Wurbs},
  title = {Reservoir-system simulation and optimization model},
  journal = {Journal of Water Resources Planning and Management},
  year = {1993},
  volume = {139},
  pages = {455--472},
  issue = {4}
}

@BOOK{XDP:2004,
  title = {Computing Systems Reliability: Models and Analysis},
  publisher = {Kluwer Academic},
  year = {2004},
  author = {M. Xie and Y. S. Dai and K.L. Poh},
  address = {New York}
}

@ARTICLE{XXR:2009,
  author = {H. Xu and L. Xing and R. Robidoux},
  title = {{DRBD}: Dynamic Reliability Block Diagrams for System Reliability
	Modeling},
  journal = {International Journal of Computers and Applications},
  year = {2009},
  volume = {31},
  note = {DOI: 10.2316/Journal.202.2009.2.202-2552}
}

@INPROCEEDINGS{YBNN:1996,
  author = {M. Y. Young and S. M. Bajorek and M. E. Nissley and S. B. Nguyen},
  title = {Best estimate analysis of the large break loss of coolant accident},
  booktitle = {Proceedings of 6th International Conference on Nuclear Engineering
	(ICONE6)},
  year = {2006},
  pages = {1--19},
  publisher = {American Society of Mechanical Engineers}
}

@ARTICLE{ZhHo:1992,
  author = {B. Zhang and Y.-C. Ho},
  title = {Improvements in the likelihood ratio method for steady-state sensitivity
	analysis and simulation},
  journal = {Performance Analysis},
  year = {1992},
  volume = {15},
  pages = {177--195}
}

@ARTICLE{Zhan:1996,
  author = {P. Zhang},
  title = {Nonparametric importance sampling},
  journal = {Journal of the American Statistical Association},
  year = {1996},
  volume = {91},
  pages = {1245--1253}
}

@BOOK{GrKu:2005,
  title = {Catastrophe Modeling: A New Approach to Managing Risk},
  publisher = {Springer},
  year = {2005},
  editor = {P. Grossi and H. Kunreuther},
  address = {New York}
}

@ARTICLE{,
  owner = {m},
  timestamp = {2012.11.30}
}

@PROCEEDINGS{USNEWS:2012,
  title = {{U.S.} {N}ews \& {W}orld {R}eport},
  year = {2012},
  series = {America's best colleges},
  key = {U.S. News}
}

@PROCEEDINGS{USNEWS:2009,
  title = {{U.S.} {N}ews \& {W}orld {R}eport},
  year = {2009},
  series = {America's best colleges},
  key = {U.S. News}
}

@PROCEEDINGS{USNEWS:2008,
  title = {{U.S.} {N}ews \& {W}orld {R}eport},
  year = {2008},
  series = {America's best colleges},
  key = {U.S. News}
}

@PROCEEDINGS{USNEWS:2007,
  title = {{U.S.} {N}ews \& {W}orld {R}eport},
  year = {2007},
  series = {America's best colleges},
  key = {U.S. News}
}

@PROCEEDINGS{USNEWS:2006,
  title = {{U.S.} {N}ews \& {W}orld {R}eport},
  year = {2006},
  series = {America's best colleges},
  key = {U.S. News}
}

@MANUAL{Blackout:2004,
  title = {Final Report on the August 14, 2003 Blackout in the United States
	and Canada: Causes and Recommendations},
  organization = {{U.S.}-{C}anada Power System Outage Task Force},
  year = {2004},
  howpublished = {United States Department of Energy, Office of Public Affairs, Washington,
	D.C.}
}

@MANUAL{PCCI:1997,
  title = {Critical foundations: Protecting {A}merica's infrastructures},
  organization = {{President's} {C}ommission on {C}ritical {I}nfrastructure {P}rotection
	(PCCIP)},
  year = {1997},
  howpublished = {Government Printing Office, Washington, D.C.}
}

